2520 4306
426 152 778 228 P-RAEFATIOa
1000 161 1090 232 XIX

60 387 136 432 non
147 359 352 431 imminuta
364 375 430 452 est,
448 363 513 432 sed
524 363 636 434 etiam
645 367 815 458 pluribus
829 367 1042 438 nominibus
1053 395 1137 440 auc-

61 500 120 568 ta5
145 483 246 574 quod
264 483 297 551 J.
323 484 362 552 'L
379 486 571 578 Bayerns,
593 489 842 578 peritissimus
859 491 1136 584 pingendornm

59 610 199 675 florum
220 602 372 693 anissis,
405 627 552 675 summo
581 609 707 678 studio
732 625 769 677 et
791 610 974 682 industria
1000 615 1042 683 in
1072 639 1132 682 ex-

58 726 233 796 ornando·
246 747 359 816 opere
376 727 560 815 elaborat3
588 732 689 822 quod
704 731 865 820 denique
881 736 995 804 multi
1011 760 1057 805 ex
1074 736 1132 828 iis,

56 872 152 943 quos
169 870 322 917 mecum
340 849 569 934 conjunxere
585 852 799 922 eommunia
817 854 960 944 studia,
986 871 1132 948 etquo-

55 997 144 1042 rum
164 992 244 1039 non
261 992 401 1062 paucos
420 969 682 1043 dilectissimos
704 975 820 1044 habui
837 974 1058 1066 discipulos,
1085 980 1132 1048 ad

57 1117 152 1186 opus
175 1081 393 1186 augendam
416 1105 455 1161 et
469 1093 774 1184 amplificandum
792 1099 1028 1188 permultum
1044 1121 1131 1166 con-

57 1219 241 1284 tulerunt.
292 1215 509 1306 Ex·quibus
529 1214 572 1283 hi
594 1217 783 1309 praecipue
802 1219 956 1288 honoris
978 1234 1016 1287 et
1032 1220 1131 1312 grati

59 1337 177 1408 animi
194 1357 303 1406 causa
322 1337 492 1406 hocloco
510 1337 735 1409 nominandi
751 1355 857 1410 sunt:

60 1464 147 1534 OF.
159 1459 512 1530 Schumaeherusv.
525 1458 650 1550 Celeb.
662 1462 768 1548 cujus
778 1484 890 1553 supra
898 1460 1132 1530 mentionem

152 1580 242 1670 feci,
268 1593 306 1649 et
327 1579 392 1671 qui
408 1604 471 1649 me
486 1603 635 1672 quoque
656 1583 798 1673 eadem,
826 1607 900 1674 qua
928 1585 1130 1667 anzlinm,

150 1702 415 1776 benevolentia
436 1717 669 1794 prosecutus,
694 1707 836 1774 multos
854 1730 899 1772 ex
913 1702 1128 1795 rarioribus,

160 1825 232 1918 qui
247 1847 342 1916 opus
356 1839 501 1925 ornant,
529 1827 669 1920 fungis,
697 1849 852 1896 mecum
866 1827 1128 1898 liberalissime

155 1945 456 2017 communicavit.

57 2071 305 2142 Christianus
320 2067 572 2156 Schmidtins,
596 2069 690 2139 olim
716 2070 759 2140 in
774 2069 1024 2140 Universitate
1051 2069 1129 2138 Fri·

157 2189 363 2277 dericiana,
388 2213 468 2281 quae
486 2191 720 2262 Christianiae
736 2193 779 2260 in
796 2191 982 2283 Norvegia
1005 2195 1126 2281 floret,

69 2353 73 2360 =
152 2310 556 2404 BotanicesProfessor‚
573 2313 771 2403 initinere‚
789 2314 889 2405 quod
904 2313 949 2380 nd
957 2313 1126 2382 fluminis

66 2477 70 2493 ·
150 2433 285 2528 Nigeri
302 2433 426 2502 fontes
454 2435 732 2529 investigandos
764 2436 805 2504 in
833 2434 966 2505 Airicae
1005 2435 1127 2526 regio·

149 2581 242 2628 nem
257 2558 389 2650 Congo
414 2572 632 2649 susceptum
654 2571 752 2647 erat,
778 2577 917 2650 magno
946 2578 1035 2631 cum
1061 2557 1127 2624 ha-

67 2716 69 2721 v
150 2702 242 2749 rum
267 2678 484 2748 litterarum
511 2679 738 2748 detrimento
768 2679 973 2748 immatura
1002 2692 1129 2748 morte

63 2845 65 2852 ,
150 2803 339 2891 abreptus.
402 2801 476 2894 Qui
500 2800 557 2869 vir
582 2800 802 2868 eximius‘et
828 2821 948 2889 quum
973 2824 1127 2869 mecum

64 2965 67 2972 ·
148 2947 219 3016 per
244 2924 444 2993 nonnullas
460 2923 655 3015 Norvegiae
683 2899 857 3014 regiones
883 2920 956 2990 iter
967 2921 1125 3009 iaceret,

148 3047 273 3115 multa
296 3061 335 3115 et
355 3045 506 3138 egregia
530 3068 683 3113 mecum
714 3041 1038 3131 communicabat,
1089 3058 1128 3112 et

151 3168 262 3251 cujus
281 3168 487 3261 diligentiae
512 3181 551 3236 et
567 3167 720 3258 peritiae,
732 3164 773 3234 in
785 3163 923 3255 plantis
938 3164 1052 3250 hujus
1070 3188 1127 3234 re·

68 3358 70 3363 s
148 3289 275 3383 gionis
295 3290 562 3384 investigandis
579 3303 709 3381 postea
734 3311 885 3380 quoque
902 3308 980 3355 non
1003 3308 1125 3378 pauca

147 3411 272 3480 refero
292 3428 454 3504 accepta.

48 3537 80 3604 I.
101 3537 148 3606 F.
169 3533 392 3604 Schouwius
414 3541 455 3607 V.
478 3535 532 3602 Cl.
552 3533 593 3602 in
616 3533 688 3600 hac
705 3529 959 3602 Universitate
976 3533 1124 3603 Botani-

67 3706 70 3716 .
148 3677 210 3724 ces
235 3657 447 3745 Professor,
484 3669 522 3729 et
546 3677 706 3724 munere
729 3667 766 3722 et
788 3653 956 3723 amicitia
972 3679 1125 3724 mecum
