2520 4306
144 165 272 239 XXIV
518 161 858 238 PRAEFATIO.

143 374 266 446 thecis
283 397 360 444 non
374 374 454 446 fere
468 356 767 467 conspiciuntur.
820 378 900 448 Nec
913 375 1061 469 peritos
1091 379 1228 450 harum

144 519 274 566 rerum
297 498 537 566 aestimatores
556 497 671 592 fugit,
704 497 919 590 splendidos
945 500 1065 570 hosce
1084 503 1229 571 colores

145 641 223 688 non
242 639 392 708 semper
408 617 454 687 ad
477 631 619 689 naturae
639 621 836 689 veritatem
865 642 946 691 esse
968 623 1226 692 accommoda-

146 753 228 826 tos3
254 740 294 810 id
311 739 412 830 quod
431 741 576 809 nemini
593 742 734 812 mirum
753 741 953 832 videbitur,
981 744 1050 834 qui
1073 743 1224 835 quidem

145 860 396 954 reputaverit,
426 864 571 953 plantas
592 863 668 950 jam
686 863 856 933 flaccidas
874 863 1081 956 delineari,
1128 880 1167 936 et
1178 878 1225 935 ta·

144 1007 235 1057 men
250 983 439 1053 coloribus
455 984 531 1052 suis
551 982 725 1078 distingui
741 986 872 1055 solere.

275 1106 490 1177 Potuissem
511 1103 664 1195 quidem
688 1107 838 1176 Floram
866 1106 1056 1180 Danicam
1088 1108 1145 1180 ita
1169 1132 1222 1179 ex·

146 1252 301 1318 ornare,
333 1240 379 1298 ut
395 1226 702 1318 splendidissimis
719 1251 870 1320 quoque
893 1230 1125 1300 recentioris
1148 1246 1223 1302 aeta·

144 1353 194 1421 tis
216 1350 392 1444 operibus
411 1345 617 1440 (ejusmodi
631 1361 687 1416 est
700 1350 813 1418 etiam
831 1348 932 1440 quod
950 1349 1072 1421 edidit
1087 1356 1222 1425 Holm-

145 1472 351 1568 slcjoldius:
381 1467 516 1538 ”Beata
539 1470 636 1539 ruris
658 1467 776 1565 otia’t)
793 1491 861 1560 par
877 1493 959 1540 esse
977 1488 1133 1564 posset5
1167 1470 1222 1543 sed

147 1617 191 1664 ea
205 1616 246 1661 re
260 1591 398 1662 litteris
412 1612 547 1682 parum
561 1589 809 1682 profuissem3
842 1594 966 1662 multo
983 1595 1091 1668 enim
1114 1597 1221 1684 maio-

146 1715 198 1785 ris
225 1713 472 1802 constitisset,
512 1727 558 1782 ut
583 1711 675 1782 adeo
709 1711 907 1805 pauciores
931 1714 991 1784 uti
1019 1740 1065 1787 eo
1084 1718 1220 1810 potuis-

146 1848 241 1905 sent.
293 1821 413 1933 Quale
428 1857 529 1905 nunc
548 1848 604 1903 est
618 1857 723 1925 opus,
748 1848 843 1925 puto
860 1834 911 1925 id,
926 1837 958 1904 si
974 1852 1152 1911 ceterum
1166 1841 1220 1910 de·

145 1956 368 2030 lineationes
390 1970 566 2026 naturam
583 1969 812 2048 sequuntur,
850 1958 1054 2031 consilium
1077 1985 1220 2033 acsecu·

145 2094 297 2168 turum,
330 2100 406 2169 quo
431 2091 690 2168 comparatum
714 2090 787 2168 est,
817 2078 995 2150 videlicet
1010 2097 1066 2152 ‘ut
1082 2086 1221 2177 planta·

144 2225 232 2272 rum
261 2202 302 2270 in
326 2199 448 2271 Dania
478 2199 715 2269 nascentium
742 2212 928 2271 accuratae
954 2200 1222 2277 delineationet

144 2323 292 2398 modico
307 2321 430 2412 pretio
447 2320 633 2411 parabiles
651 2333 784 2391 essent.

277 2448 337 2516 De
354 2443 481 2512 futura
498 2445 621 2532 operis
629 2441 902 2536 magnitudine,
920 2457 959 2513 et
976 2444 1022 2516 de
1037 2461 1220 2540 tempore,

145 2588 221 2657 quo
244 2565 291 2634 ad
310 2565 425 2634 linem
448 2565 606 2656 perduci
634 2586 744 2655 posse
760 2563 948 2656 videatur,
987 2566 1149 2641 difficile
1174 2579 1222 2640 est

145 2685 350 2780 quidquam
367 2707 436 2776 pro
457 2699 559 2755 certo
576 2685 772 2757 affirmare.

277 2809 470 2902 Quatenus
504 2806 681 2898 equidem
711 2808 857 2898 plantas
884 2810 1016 2880 Daniae
1053 2811 1220 2908 cognitas

141 2932 288 3023 habeo,
321 2930 534 3022 putaverim
548 2928 613 2996 hic
639 2928 798 3019 reperiri
825 2932 918 3002 1600
942 2934 1222 3026 cotyledoneas3

141 3054 270 3145 itaque
285 3075 404 3144 quum
425 3051 466 3119 in
481 3048 697 3143 regionibus
721 3052 1082 3142 septentrionalibus
1111 3055 1219 3147 duplo

140 3176 265 3262 major
279 3177 328 3245 sit
343 3171 700 3266 acotyledonearum
717 3197 916 3263 numerus,
940 3173 1001 3244 hae
1024 3175 1110 3246 fere
1131 3193 1219 3267 5200

141 3295 320 3366 efficient.
373 3295 578 3366 Universus
592 3293 714 3386 igitur
730 3296 949 3385 plantarum
964 3320 1163 3388 numerus,
1187 3307 1219 3365 et

142 3417 477 3510 cotyledonearum
502 3429 540 3485 et
561 3415 934 3509 acotyledonearum,
968 3442 1056 3509 quae
1077 3419 1120 3490 in
1145 3420 1219 3490 Flo·

140 3561 223 3606 ram
271 3539 456 3610 Danicam
511 3550 623 3631 erunt
677 3537 925 3627 recipiendae,
999 3540 1144 3611 efficiet
1178 3535 1218 3610 ad

142 3676 251 3752 5000.
330 3661 412 3729 Jam
441 3659 562 3754 igitur
594 3682 715 3754 quum
749 3682 796 3730 ex
820 3656 970 3752 plantis
986 3661 1217 3757 phaneroga·
