2520 4306
432 150 771 228 PRAEFA'I'IO.
982 158 1095 235 XVII

56 370 184 459 lebat,
220 362 474 458 experientia,
513 364 665 459 elegans
694 361 856 436 eruditio
891 381 932 438 et
956 367 1140 446 indefessa

59 491 257 563 industria.
860 569 861 573 Ἰ

195 615 278 683 iam
294 605 396 701 quod
413 608 576 678 alterum
595 609 632 680 V
632 606 741 678 ohlio
766 607 1004 703 objecerunt,
1037 612 1139 684 vide·

58 750 125 805 tur
147 733 190 804 id
214 731 371 824 quidem
392 732 520 823 paullo
547 726 684 816 justius
707 730 945 820 reprehendi.
1003 738 1139 829 Quam.

61 879 180 950 quam
203 851 307 922 enim
328 852 415 921 satia
441 864 585 922 constat
612 871 761 919 muscos
783 851 829 919 ab
856 875 901 920 eo
923 876 1001 924 non
1022 857 1138 929 fuisse

59 979 281 1072 neglectos,
306 986 345 1043 et
361 996 587 1066 quamquam
603 972 669 1063 qui
686 970 730 1039 ab
751 994 795 1040 eo
808 971 849 1040 in
862 974 1010 1045 Floram
1021 982 1138 1050 Dani-

62 1124 145 1172 cam
171 1093 320 1187 recepti
352 1110 439 1164 sunt
459 1096 582 1163 multo
606 1093 815 1162 accuratius
840 1093 1018 1165 delineati
1039 1116 1137 1191 sunt,

63 1244 180 1314 quam
206 1239 299 1309 quos
324 1230 552 1306 receperunt
577 1217 743 1286 Oederua
768 1226 808 1281 et
826 1217 1020 1287 Mulloruc
1028 1243 1042 1309 3
1074 1245 1141 1291 ne.

16 1423 19 1428 .
66 1341 149 1436 gari
177 1353 306 1408 tamen
334 1359 413 1406 non
440 1349 583 1428 potest,
632 1356 695 1404 eoa
727 1334 923 1406 interdum
956 1361 1035 1439 non
1055 1341 1137 1412 sine

61 1482 200 1557 magna
214 1457 436 1529 difficultate
452 1480 559 1549 posse
576 1456 622 1525 ad
638 1478 750 1526 suum
767 1453 1083 1556 q‘uemquegenus
1100 1479 1139 1534 et

60 1583 232 1678 speciem
250 1578 403 1669 referri,
431 1578 588 1671 quodad
605 1601 665 1648 eas
682 1593 826 1670 partes,
857 1605 939 1673 quae
966 1584 1013 1655 ad
1037 1584 1138 1656 hanc

59 1731 145 1778 rem
168 1700 361 1796 praecipue
382 1701 528 1789 valent,
567 1713 605 1769 et
640 1723 722 1790 quaa
746 1702 906 1788 majores
929 1728 1041 1797 quam
1062 1729 1134 1799 pro

59 1843 210 1900 naturae
234 1823 391 1892 veritate
414 1821 672 1912 repraesentari
698 1821 902 1916 debebant,
939 1851 1018 1898 non
1047 1829 1136 1898 satis

60 1943 418 2021 advertitnnimum.
475 1945 559 2014 Hoc
582 1943 700 2036 igitur
718 1947 872 2016 nomine
895 1950 938 2021 V
932 1950 1137 2020 ahliannm

64 2094 158 2164 opus
178 2069 337 2139 fortasse
359 2063 486 2133 minus
508 2064 722 2156 perfectum
744 2065 879 2153 fuerit5
911 2065 977 2134 sed
1004 2078 1135 2137 tenen-

67 2194 156 2263 dum
169 2189 286 2286 etiam
302 2199 379 2276 est,
400 2210 464 2276 ea,
492 2211 573 2279 quae
587 2189 633 2257 ab
650 2187 851 2281 Hedwigio
865 2186 1018 2257 inventa
1034 2201 1134 2278 sunt,

65 2336 189 2406 nuper
212 2308 416 2382 admodum
440 2306 555 2377 fuisse
583 2309 840 2400 promulgata,
882 2321 921 2378 et
942 2312 1136 2382 Muscolo·

64 2433 166 2528 giam
177 2443 271 2499 tunc
287 2428 646 2520 temporisnondum
655 2428 703 2499 ad
717 2452 800 2499 eam
813 2429 1012 2499 adductam
1020 2429 1136 2501 fuisse

62 2550 355 2647 perfectionem,
389 2572 504 2643 quam
524 2573 626 2619 nunc
656 2550 870 2621 multorum
898 2551 1137 2623 erudissimo-

63 2697 229 2765 rumque
246 2672 418 2743 virorum
430 2671 561 2742 studiis
581 2671 746 2741 assecuta
773 2664 841 2742 est.
893 2672 1071 2743 Cetemm
1091 2676 1136 2744 ab

61 2799 137 2867 hoc
158 2785 390 2888 peritissimo
419 2794 563 2864 editore
585 2815 746 2888 magnus
770 2795 1138 2888 cryptogamicarum

62 2920 281 3011 plantarum
292 2915 524 2985 numerusin
532 2917 870 2989 FloramDanicam
885 2930 1057 3008 receptus
1067 2929 1136 3006 est,

63 3038 250 3110 nimirum
267 3037 309 3106 in
322 3061 405 3128 sex,
438 3060 533 3131 quos>
549 3040 684 3131 edidit,
701 3039 930 3128 Fasciculos,
969 3060 1047 3105 non
1067 3038 1137 3106 mi·

61 3185 134 3232 nus
167 3162 239 3252 164
267 3182 428 3251 quarum
453 3177 499 3251 95
517 3160 647 3256 fungi,
675 3176 713 3231 et
730 3186 776 3231 ex
791 3184 868 3231 uno
889 3157 1137 3251 Agaricorum

61 3304 203 3378 genere
225 3281 368 3372 species
391 3283 676 3376 quinquaginta.
728 3290 810 3356 Jam
834 3305 948 3375 snpra
971 3302 1136 3349 comme·
1189 3280 1192 3286 ’

64 3402 213 3476 moravi
235 3405 278 3476 V
273 3402 423 3472 ahlium
441 3403 616 3495 inprimis
637 3407 735 3476 circa
752 3408 885 3476 Soram
910 3416 948 3472 et
977 3401 1136 3472 Frideri·

64 3526 299 3617 coburgum,
324 3537 363 3592 et
379 3524 420 3594 in
438 3527 676 3596 Finmarchia
698 3529 796 3598 hanc
818 3509 1002 3596 familiam
1035 3523 1138 3594 inve·

63 3646 243 3742 stigasse5
272 3644 392 3717 sedin
407 3646 617 3719 minoribus
632 3649 822 3739 praecipue
841 3646 969 3739 fungis
987 3646 1139 3750 egregie

869 3745 948 3840 (**)
