2520 4306
449 122 801 241 'penuaria
1118 173 1151 241 v

202 383 253 450 At
273 401 360 447 vero
381 377 484 446 haud
505 381 631 450 minus
663 379 816 449 difficile
852 392 933 449 erat
962 378 1145 472 invenire,

68 527 190 594 quum
207 501 331 571 virum
349 502 519 590 doctum,
548 503 614 593 qui
634 517 745 572 tantae
768 502 824 571 rei
843 526 910 594 par
927 516 1036 590 esset,
1063 517 1149 571 tum

68 626 188 695 etiam
206 624 388 711 artifices,
413 623 478 713 qui
490 645 560 714 pra
578 624 634 692 rei
652 624 834 718 dignitate
853 625 1035 695 conficere
1055 647 1148 717 opus

66 761 106 815 et
130 767 313 814 exornare
334 758 497 836 possent.

200 866 395 937 Batanices
419 865 608 957 studium,
650 869 798 956 utiam
829 891 941 961 supra
970 868 1147 957 diximus,

65 1012 192 1081 nuper
209 987 413 1058 admodum
443 1001 617 1087 renatum
644 1002 724 1057 erat
748 1002 786 1058 et
812 990 918 1081 quasi
935 988 1148 1078 accensum,

69 1127 109 1181 et
133 1110 166 1179 si
191 1109 259 1201 qui
280 1109 422 1201 ¹harum
440 1111 655 1180 litterarum
677 1112 834 1181 studiosi
848 1111 1149 1199 inveniebantur,

68 1230 319 1321 juvenesfere
344 1245 466 1321 erant,
509 1232 645 1323 quibus
668 1233 935 1326 gravissimum
957 1255 1051 1324 opus
1072 1254 1152 1302 non

70 1367 177 1424 recte
191 1352 377 1422 committi
397 1375 506 1444 posse
525 1353 740 1444 videbatur,
775 1379 867 1446 nec,
903 1356 934 1424 si
957 1377 1077 1425 unum
1110 1353 1150 1423 T.

67 1475 272 1550 Halmium
288 1474 500 1569 exceperis,
529 1477 726 1568 quisquam
747 1477 827 1546 fere
850 1490 941 1547 tunc
965 1475 1150 1568 temporis

68 1623 133 1688 ea,
160 1619 245 1688 quae
262 1597 548 1687 requirebatur,
577 1598 755 1668 doctrinae
781 1601 989 1670 subtilitate
1017 1614 1056 1668 et
1075 1599 1150 1667 ele-

68 1720 200 1815 gantia
222 1718 430 1798 instructus
453 1741 543 1789 erat.
609 1722 769 1791 Halmio
799 1736 927 1791 autem
948 1723 1025 1808 jam
1050 1719 1153 1789 aliud

67 1864 212 1913 munus
230 1841 461 1933 assignatum
481 1855 578 1930 erat,
611 1856 725 1933 atque
747 1845 801 1914 ita
829 1845 932 1914 inter
955 1858 1151 1912 extraneas

69 1963 294 2056 quaerendus
313 1962 532 2052 videbatur,
559 1964 624 2056 qui
640 1965 740 2035 inter
766 1966 961 2060 indigenas
991 1964 1154 2056 reperiri

69 2111 150 2158 nan
176 2099 336 2178 poterat.
402 2086 555 2157 Electus
590 2099 646 2156 est
681 2090 870 2182 Georgius
905 2089 1153 2158 Christianus

77 2212 260 2296 Oederua,
292 2206 359 2299 qui
378 2205 434 2276 vir
463 2207 623 2297 eximius
647 2232 668 2278 e
693 2209 890 2301 disciplina
913 2209 963 2282 A.
992 2207 1155 2280 Halleri

70 2329 284 2421 profectus,
312 2329 423 2420 eique
448 2330 602 2424 egregie
630 2332 812 2420 probatus
841 2344 940 2419 erat,
974 2342 1019 2397 ut
1038 2328 1154 2398 etiam

69 2451 340 2542 Bernrdarfia,
368 2474 389 2519 a
416 2475 491 2542 qua
516 2451 900 2521 honorificentissime
915 2449 1154 2520 commenda-

68 2574 195 2643 batur.
258 2577 306 2644 Et
328 2594 371 2640 re
391 2596 433 2642 ac
453 2573 562 2643 factis
590 2597 679 2642 mox
704 2590 942 2666 compertum
971 2587 1043 2661 est,
1076 2593 1156 2640 non

67 2709 217 2764 temere
237 2696 404 2764 electum
437 2719 516 2766 esse
549 2693 687 2766 virum.
767 2700 936 2767 Oederur
966 2694 1153 2765 indefessa

68 2817 197 2888 studio
224 2815 361 2887 itinera
386 2818 565 2888 Batanica
595 2817 843 2909 suscipiebat,
869 2818 916 2887 ad
931 2815 1156 2907 conquiren-

10 2956 13 2993 :
69 2941 134 3010 das
160 2940 330 3030 plantas,
366 2963 460 3030 quas
480 2940 614 3010 deinde
637 2941 845 3033 pingendas
867 2955 905 3010 et
931 2939 974 3008 in
992 2961 1039 3006 aes
1061 2935 1157 3006 inci·

10 3080 16 3117 ¹»
68 3062 210 3133 dandas
227 3075 386 3131 curaret.
439 3061 567 3133 Edidit
593 3086 746 3153 quaque
771 3059 1156 3155 Prospectumtotius

10 3200 17 3239 θ
68 3184 215 3277 operis,
267 3181 329 3250 cui
363 3183 581 3274 speciminis
613 3187 698 3254 loco
731 3188 948 3276 plantarum
990 3207 1156 3274 quarun-

10 3296 19 3361 i

69 3307 156 3376 dam
183 3305 455 3375 delineationes
486 3307 672 3393 adjunctae
705 3324 828 3399 erant,
873 3322 912 3377 et
941 3305 1076 3378 deinde
1109 3309 1154 3378 X.

11 3412 21 3480 l
66 3427 293 3498 Fasciculos.

10 3560 20 3605 Γ.

198 3548 259 3620 Ad
276 3549 423 3638 plantas
439 3551 648 3647 pingendas
667 3564 706 3620 et
724 3551 790 3620 aeri
804 3549 1022 3622 incidendas
1036 3531 1159 3622 arces·

66 3675 249 3746 sebantur
284 3694 330 3742 ex
358 3672 563 3744 Germania
596 3674 792 3763 Raesleri,
840 3686 951 3764 pater
979 3689 1018 3744 et
1045 3675 1161 3764 iilius,
