2520 4306
130 174 221 251 VIII
471 167 803 245 PRAEFATIO.

130 383 352 479 Optandum
376 380 492 452 etiarn
519 396 616 475 erat,
648 395 694 450 ut
718 383 885 454 Oederus
910 382 1040 474 plures
1060 388 1219 478 plantas

127 505 419 602 acotyledoneas
435 506 632 594 edidisset,
659 527 822 594 quarum
838 504 879 573 in
895 507 949 595 X,
977 530 1069 598 quas
1096 511 1218 581 edidi:

127 627 366 718 Fasciculis,
400 650 478 697 non
501 627 575 697 nisi
597 627 709 697 CXX.
728 625 991 719 reperiuntur,
1020 652 1147 720 quum
1163 645 1215 702 ta·

127 775 235 841 rnen,
261 747 294 819 si
310 773 397 819 vera
425 772 554 820 earum
576 763 616 819 et
637 732 972 843 cotyledonearum
992 749 1113 842 ratio,
1154 778 1214 823 ve

126 895 270 966 rusque
288 895 470 942 numerus
492 871 696 942 servandus
731 870 881 961 fuisset,
935 870 1039 943 CCC.
1074 875 1213 947 saltent

127 996 291 1066 fuissent
311 993 474 1064 edendae.
547 993 593 1063 In
620 993 820 1063 itineribus
844 1017 953 1084 vero,
1002 1017 1087 1086 quae
1111 998 1214 1068 etin

127 1116 378 1211 Norvegiam,
405 1129 443 1184 et
457 1114 497 1185 in
512 1129 654 1185 ceteras
672 1115 927 1209 regniDanici
942 1129 1069 1208 partes
1084 1140 1215 1189 susce·

125 1254 252 1332 perat,
283 1242 472 1322 Oederus,
499 1235 600 1327 quod
616 1250 697 1304 erat
712 1216 904 1306 excellens
923 1251 962 1306 et
982 1241 1213 1329 praeclarum

127 1363 208 1450 ejus
226 1358 446 1455 ingenium,
473 1382 547 1450 quo
572 1357 837 1429 diversissisrna
856 1383 1014 1452 quoeque
1040 1382 1214 1454 compre-

126 1482 297 1552 hendere
316 1482 473 1571 valebat,
500 1479 680 1550 nonsatis
696 1480 882 1567 habuerat
897 1484 1117 1573 plantarum
1133 1485 1212 1556 vim

129 1626 173 1672 ao
190 1616 365 1672 naturam
386 1603 595 1696 inspicere,
627 1601 694 1671 sed
715 1603 837 1675 multa
864 1603 997 1692 etiarn,
1028 1604 1210 1697 inprimis

129 1724 352 1794 adhortante
361 1724 609 1816 Bernsdorfio
619 1719 656 1808 *)
673 1723 720 1794 ad
736 1725 996 1794 oeconomiam
1012 1727 1212 1818 publicam

128 1846 361 1937 pertinentia
389 1846 665 1937 observaverat,
696 1870 779 1942 quae
808 1846 920 1916 variis
939 1845 1210 1917 dissertationi-

125 1968 196 2038 bus
212 1969 357 2060 pubIIci
379 1969 473 2056 juris
486 1967 588 2059 fecit,
615 1968 828 2061 quibusque
850 1981 994 2038 tantam
1015 1970 1076 2038 sui
1089 1972 1210 2053 adrni-

126 2089 314 2161 rationem
339 2089 485 2180 movit,
518 2104 562 2158 ut
590 2114 612 2159 a
633 2114 810 2180 munere,
840 2113 915 2182 quo
935 2091 1016 2178 jam
1027 2112 1099 2183 per
1128 2096 1207 2168 XV.

126 2229 244 2281 annos
271 2211 423 2282 functus
452 2227 551 2301 erat,
585 2227 760 2281 avocatus
797 2236 895 2281 anno
920 2235 1010 2302 1771
1035 2213 1214 2310 Collegio

126 2334 358 2429 Norvegico,
386 2334 487 2425 quod
502 2335 644 2404 reditus
659 2333 798 2428 Regios
821 2348 989 2424 curaret,
1021 2333 1208 2409 adscribe-

125 2470 244 2526 retur.
296 2463 329 2528 A
348 2479 422 2547 quo
440 2456 529 2526 inde
544 2471 717 2548 ternpore
730 2456 787 2524 vir
800 2455 996 2525 Botanices
1013 2479 1114 2526 unus
1128 2482 1205 2529 om-

87 2622 89 2626 >
127 2577 302 2647 omnium
323 2577 614 2648 studiosissimus
641 2578 715 2647 hoc
742 2577 910 2648 studium
942 2577 1134 2671 deponere
1171 2593 1206 2650 et

127 2697 210 2768 aliis
225 2701 338 2768 rebus
359 2721 492 2768 vacare
518 2716 671 2769 coactus
696 2713 761 2769 est.

259 2820 368 2916 Quod
395 2836 525 2891 autem
549 2820 591 2890 in
609 2821 761 2921 ultimis
787 2820 984 2892 Fasciculis
1009 2845 1032 2892 a
1057 2842 1099 2892 se
1129 2823 1206 2909 edi·

124 2942 173 3013 tis
196 2942 453 3014 commisserat
487 2946 670 3030 oederus,
717 2958 762 3012 ut
786 2946 831 3014 ab
847 2942 1034 3038 elegantia
1055 2947 1147 3016 artis
1169 2959 1204 3015 et

124 3061 297 3172 'nxprssain
312 3066 440 3136 minus
458 3066 729 3158 quampriores
745 3065 1044 3156 instruerentur,
1070 3066 1113 3138 id
1128 3092 1204 3139 non

124 3186 327 3262 minusad
361 3188 579 3280 proximum
606 3190 686 3276 ejus
722 3210 977 3259 successorem
1013 3191 1204 3278 pertinet5

120 3330 193 3377 nec
228 3322 320 3382 anta·
358 3310 497 3399 plantae
531 3311 742 3380 accuratius
778 3324 818 3380 et
855 3309 1064 3404 elegantius
1115 3313 1203 3383 deli·

119 3427 227 3500 neari
243 3445 405 3525 coeptae,
432 3455 545 3526 quam
565 3433 689 3526 operis
705 3432 841 3505 edendi
866 3455 956 3503 cura
976 3435 1019 3506 V
1014 3434 1127 3506 attio
1150 3447 1204 3509 est

124 3591 393 3612 -u-——n-

152 3669 184 3741 *)
204 3667 259 3730 cfr.
277 3671 440 3742 ordenare,
462 3685 487 3729 et
498 3675 639 3731 Audenlen
657 3693 690 3731 an
707 3677 789 3731 (leder
805 3696 854 3728 uon
867 3675 972 3730 Halano.
