2520 4306
190 155 319 232 xv111
501 151 848 227 PRAEFATIO.

133 366 389 457 :adjuvabatur
404 385 425 432 a
445 361 631 457 discipulo
647 386 715 435 suo
736 364 976 445 dilectissimo
994 367 1220 440 enachu-

149 494 328 562 machero
342 490 384 557 V.
406 485 529 554 Celeb.
555 464 670 556 hodie
692 487 733 558 in
759 491 857 558 alma
880 505 1007 559 nostra
1032 490 1222 562 Universi·

144 625 222 681 tate
239 607 449 680 Anatomiae'
462 596 691 679 P‘rofessore.
746 615 889 682 Notum
903 625 958 680 est
980 612 1222 705 diligentissi-

145 757 255 804 mum
272 732 377 830 hunc
392 730 585 800 Botanices
604 733 787 800 cultorem
810 733 851 802 in
874 734 985 803 Flora
1010 734 1221 820 Sjellandiae

148 851 450 949 septentrionalis
467 856 677 943 permultos
697 875 770 922 ase
785 854 979 944 inventos,
1009 868 1048 923 ot
1064 870 1155 926 ante
1172 858 1222 927 in·

147 975 317 1070 cognitos
340 974 478 1067 fungos
494 974 749 1067 descripsisse3
785 975 911 1044 minus
944 976 1146 1069 cognitum
1171 992 1222 1048 est

134 1123 235 1179 *eum
250 1099 321 1166 bos
337 1119 486 1185 omnes,
518 1119 665 1166 summa
683 1096 879 1190 diligentia
895 1107 933 1165 et
951 1111 1043 1186 arte,
1070 1101 1223 1192 propria

144 1245 261 1291 manu
275 1217 491 1287 delineasse.
544 1219 657 1289 Hisce
675 1217 999 1307 delineationibus,
1021 1243 1105 1310 quae
1122 1243 1222 1291 nunc

145 1341 251 1435 regia
278 1338 505 1408 liberalitate
531 1341 652 1410 Horto
678 1339 852 1409 botanico
880 1341 922 1409 in
946 1342 1223 1430 possessionem

138 1484 309 1550 'cessere‚
349 1481 439 1528 usus
457 1464 521 1529 ‘est
547 1463 586 1532 V
585 1462 734 1545 oblias,
770 1478 808 1530 et
827 1482 896 1555 ego
921 1461 1074 1553 q'uoque
1099 1465 1222 1558 ingra-

144 1599 208 1653 tus
233 1603 373 1668 essem,
408 1581 481 1650 nisi
500 1579 660 1669 faterer,
702 1604 766 1651 me
797 1583 900 1652 haud
922 1606 1062 1675 paucos
1086 1585 1222 1681 fungos

146 1706 308 1776 rariores
329 1703 384 1772 eis
401 1716 573 1793 acceptos
587 1703 750 1808 referre,
778 1705 884 1791 cujus
917 1705 974 1774 rei
999 1706 1145 1800 singuli
1160 1711 1221 1778 Fa-

145 1828 277 1898 sciculi
301 1848 398 1895 ame
417 1825 507 1894 editi
522 1847 599 1894 non
614 1846 736 1894 unum
752 1824 947 1916 specimen
972 1829 1159 1917 praebents

277 1950 471 2043 Quatenus
497 1944 613 2034 mihi,
650 1945 760 2015 cuia
785 1947 925 2018 Vablii
966 1948 1055 2018 inde
1096 1967 1221 2022 morte

144 2092 244 2141 anno
280 2083 376 2160 1804
410 2068 519 2136 Flora
550 2066 695 2138 Danica
725 2068 868 2139 edenda
906 2071 1106 2142 commissa
1154 2092 1220 2163 est,

146 2191 406 2285 egregiorum,
433 2189 498 2279 qui
516 2203 601 2258 ante
617 2213 679 2258 rne
707 2191 783 2260 hoc
799 2214 957 2260 munere
975 2191 1099 2263 functi
1120 2211 1219 2286 suut,

145 2313 347 2382 hominum
363 2310 519 2402 vestigia
543 2309 721 2401 persequi
743 2312 964 2406 contigerit,
993 2338 1072 2385 non
1089 2340 1220 2388 meum

136 2451 201 2504 ‘est
214 2433 393 2522 judicare.
443 2431 488 2499 Id
504 2432 656 2522 quidem
676 2434 850 2526 contigit,
885 2448 928 2502 ut
946 2436 1089 2507 diutius
1106 2463 1219 2531 quam

145 2557 270 2627 ceteri*
283 2555 324 2625 in
343 2575 457 2643 opere
476 2553 620 2621 edendo
638 2554 827 2623 elaborare
844 2558 1051 2647 potuerim,
1083 2573 1122 2628 et
1140 2582 1219 2654 gra·

142 2693 205 2747 tus
221 2698 402 2771 agnosco,
427 2699 489 2744 rne
503 2677 620 2766 magis
638 2700 751 2768 quarn
775 2678 987 2747 decessores
1009 2680 1102 2770 ipsis
1126 2695 1218 2751 tern-

140 2802 296 2894 poribus
318 2798 436 2869 fuisse
462 2798 646 2886 adjutum.
718 2802 805 2870 Huc
831 2801 1014 2890 pertinet,
1045 2802 1149 2892 quod
1177 2825 1216 2872 eo

140 2922 386 3016 posissimum
402 2935 577 3012 ternpore
605 2942 699 3011 opus
725 2920 914 2991 edendum
943 2920 1041 2991 mihi
1066 2923 1217 2991 manda·

139 3032 318 3134 tumeat,
347 3067 420 3134 quo
437 3065 515 3127 non
533 3043 658 3111 solum
678 3043 894 3133 plantarum
920 3043 1087 3136 cognitio
1114 3067 1216 3138 egre·

50 3256 54 3265 ι
141 3169 204 3262 gie
222 3167 449 3258 amplificata
463 3181 538 3254 est,
564 3164 847 3252 verumetiam,
876 3165 918 3232 in
936 3185 1054 3257 regno
1087 3180 1125 3234 et
1144 3167 1217 3235 vita

138 3293 356 3380 plantarum
371 3286 650 3380 investiganda,
677 3287 799 3354 multa
828 3285 882 3353 ita
902 3284 1055 3353 tractari
1073 3301 1215 3378 coepta,

82 3469 85 3473 .
134 3427 179 3479 ut
201 3410 345 3479 animos
361 3409 547 3478 humanos
561 3409 607 3478 ad
623 3407 917 3502 intelligendum
936 3420 974 3475 et
990 3427 1217 3499 cognoscen-

48 3604 51 3609 ,
135 3532 231 3600 dum
249 3533 371 3600 multo
388 3531 506 3625 magis
519 3531 668 3599 trahant
682 3544 720 3598 et
735 3529 927 3612 alliciant3
952 3528 1099 3618 deinde,
1118 3529 1217 3621 quod

140 3652 243 3746 regia
257 3652 298 3721 in
312 3653 558 3763 procurandis
575 3653 762 3724 sumtibus
777 3652 981 3724 liberalitas
997 3673 1076 3722 non
1093 3654 1216 3723 solum
