2520 4306
466 139 803 238 rnrurtmo.
916 93 926 105 ’
994 165 997 168 ⁴
1047 133 1173 211 xx111

91 353 310 427 Fasciculos
330 373 368 423 11
379 376 409 444 ι,
425 353 564 446 horum
578 377 666 447 vero
682 367 728 443 85
739 350 882 444 recepti
894 367 992 441 sunt.
1034 352 1181 442 Praete-¹⁴⁴

93 501 162 547 rea
187 498 285 566 opus
308 496 378 564 per
402 476 443 546 id
467 477 647 565 temporis
670 475 832 565 spatium
858 488 928 561 258
953 477 1173 567 Fungorum

93 597 293 690 speciebus
303 599 456 693 auctum
467 611 532 666 est.
560 597 827 668 UniLichenes
840 597 1035 686 hucusque
1045 593 1174 689 minus

93 721 316 813 frequentes
344 740 458 807 quam
487 732 620 787 ceterae
648 720 786 808 plantae
812 717 853 784 in
883 720 1031 786 Floram
1055 717 1170 788 Dani-

93 866 187 922 cum
208 838 353 928 recepti
369 852 481 925 sunt:
523 840 570 908 ad
598 862 691 930 quos
712 839 952 907 illustrandos
977 840 1170 926 nonnulla,

93 987 180 1055 quae
204 944 309 1030 haud
331 959 422 1028 levis
445 959 522 1028 sint
545 960 731 1029 momenti
754 960 902 1049 lutura,
929 959 970 1028 in
989 960 1171 1050 proximis

92 1082 300 1166 Fasciculis
319 1066 505 1149 collatum
522 1081 571 1150 iri
594 1103 715 1173 spero.

99 1277 104 1286 ,
171 1266 173 1271 .
229 1205 402 1296 Ingratus
431 1225 552 1271 essem
579 1203 654 1272 nisi
679 1203 835 1293 faterer,
864 1225 1018 1294 operam
1032 1224 1171 1293 meam,

94 1326 139 1396 in
148 1325 268 1421 Regio
285 1327 356 1394 hoc
376 1347 490 1416 opere
507 1323 664 1417 edendo,
679 1310 1058 1394 honorificentissimo
1073 1326 1172 1393 mul·

94 1463 229 1518 torum
254 1446 672 1535 eruditissimorumque
698 1446 868 1520 virorum
887 1445 1027 1532 judicio
1054 1445 1175 1538 fuisse¹

94 1568 404 1659 ,comprobatam
447 1567 513 1650 sed
536 1567 600 1639 alii
629 1590 758 1637 rursus
782 1569 959 1659 quiddam
985 1570 1170 1638 nonsatis

90 1705 200 1782 recte
219 1714 241 1760 a
259 1713 322 1758 me
342 1688 583 1759 commissum
603 1703 796 1780 putarunt.
849 1691 895 1758 In
910 1713 953 1758 ea
970 1692 1071 1760 enim
1087 1691 1170 1761 fue-

90 1827 186 1884 runt
207 1811 411 1901 sententia,
444 1825 489 1879 ut
510 1810 741 1903 judicarent,
776 1811 877 1903 quod
891 1811 1056 1904 Regium
1077 1836 1174 1909 opus

93 1948 196 2017 esset
222 1934 332 2002 Flora
354 1931 516 2022 Danica,
555 1932 596 2006 in
629 1934 746 2028 quod*
762 1934 827 2026 qui
852 1915 1017 2003 faciendi
1046 1950 1172 2006 essent

95 2069 244 2136 sumtus
266 2051 407 2146 insigni
426 2054 652 2127 liberalitate
683 2079 704 2124 a
729 2058 834 2149 Rege
860 2071 1164 2146 procurarentur,

96 2177 183 2269 ideo
200 2173 373 2244 omnibus
387 2197 538 2267 quoque
560 2176 775 2249 nominibus
791 2178 888 2248 hanc
903 2177 1171 2248 liberalitatem

96 2319 174 2389 prae
194 2318 234 2365 se
251 2296 373 2384 ferre,
407 2309 446 2365 et
465 2299 510 2366 ab
527 2313 624 2388 arte,
659 2322 778 2387 quum
798 2298 1072 2392 typographica
1087 2312 1176 2381 tum

95 2419 302 2522 sculptoria
318 2415 371 2486 ita
394 2416 624 2493 instructum
636 2443 716 2489 esse
741 2419 897 2508 debere,
934 2433 978 2489 ut
991 2433 1169 2510 praestan·

92 2538 249 2635 tissimis
264 2538 380 2627 hujus
401 2542 560 2634 generis,
589 2565 672 2633 quae
687 2541 821 2611 nostris
838 2542 1069 2632 temporibus
1084 2564 1179 2633 Ριζο·ἢ

93 2660 269 2749 dierunt,
296 2661 473 2751 operibus
488 2685 557 2753 par
576 2687 654 2732 esse
674 2677 810 2754 posset.
844 2678 846 2682 ‘
871 2664 1015 2757 Quibus
1033 2664 1087 2735 ita
1110 2687 1179 2752 oc·v

93 2782 198 2852 curri
219 2803 328 2872 posse
347 2797 464 2875 puto,
500 2799 544 2853 ut
564 2785 706 2874 dicam,
741 2809 803 2856 me
830 2785 984 2876 quidem
1006 2785 1171 2876 splendi-

94 2903 246 2974 dissima
265 2904 345 2973 haec
360 2927 493 2994 opera,
518 2931 599 2997 quae
616 2921 744 2977 nostro
762 2929 838 2975 aevo
860 2910 1062 2998 protulerit
1084 2910 1182 2979 Gap

91 3027 141 3097 lia
154 3025 333 3117 inprimis
356 3040 395 3095 et
415 3029 618 3119 Britannia,
645 3031 734 3099 artis
753 3029 959 3119 specimina
975 3010 1054 3098 esse
1070 3030 1169 3116 judi-

92 3170 190 3237 care,
217 3146 353 3239 quibus
373 3171 414 3216 ea
432 3149 516 3236 jure
531 3152 686 3244 gloriari
699 3151 833 3243 possit3
857 3145 1025 3220 multum
1042 3166 1172 3222 autern

90 3271 238 3357 abesse,
275 3281 321 3336 ut
342 3293 403 3358 ea,
441 3272 601 3362 eoquod
620 3273 813 3364 splendida
833 3273 927 3362 sint,
953 3273 1090 3342 litteris
1104 3297 1183 3354 no·‚

90 3391 176 3460 stris
197 3389 377 3482 prodesse
394 3392 490 3460 mihi
504 3396 760 3484 persuadeam.
820 3396 972 3467 Etenim
988 3397 1183 3488 perpauci!

91 3526 179 3612 sunt
192 3495 399 3582 notanices‘
409 3514 568 3583 studiosi
585 3516 637 3584 ita
652 3518 749 3586 bene
764 3515 963 3605 nummati,
983 3532 1028 3585 ut
1045 3541 1172 3587 emera

92 3633 279 3727 ejusmodi
296 3655 410 3730 opera
424 3637 588 3727 possint,
615 3661 698 3730 quae
716 3638 790 3725 nisi
809 3638 851 3708 in
866 3638 1015 3736 magnis
1036 3640 1183 3736 biblio-¹
