2520 4306
137 156 192 230 tv
482 151 816 228 PRAEFATIO.

139 379 263 460 lerant
274 366 413 454 lucem,
441 385 484 434 ea
498 361 590 435 huic
606 390 757 458 quoque
774 359 923 460 regioni
939 367 1129 464 affulgere
1145 396 1225 445 coe·

140 503 271 582 perat,
310 485 478 556 studium
502 487 697 558 Botanices
723 489 846 584 denuo
885 492 1162 565 resuscitatum
1193 511 1226 566 et

143 613 212 683 sub
232 629 349 702 regno
365 609 559 678 Fridarici
576 611 617 681 V
619 609 670 693 if,
696 610 816 679 nullis
839 635 918 682 non
943 613 1052 682 bonis
1080 617 1225 686 artibus

142 735 254 803 unice
285 729 461 819 salutari,
497 730 648 823 egregie
668 729 793 802 lotum
823 747 898 822 est,
935 749 973 803 et
996 735 1041 804 ab
1069 760 1114 805 eo
1138 739 1224 807 inde

141 870 316 945 ternpore
332 876 426 922 nova
441 854 518 940 jam
533 851 668 921 litteris
689 855 825 923 nostris
856 869 942 924 aetas
966 856 1007 926 in
1022 859 1152 929 Dania
1172 861 1225 932 in·

145 979 286 1070 cepisse
304 976 469 1067 putanda
493 988 557 1043 est.

275 1097 404 1172 Medio
425 1096 505 1165 fere
529 1109 634 1164 sexto
660 1095 841 1166 decennio
867 1098 982 1184 hujus
1006 1101 1127 1170 seculi
1151 1102 1223 1193 pri-

144 1247 251 1295 mum
259 1221 397 1305 injecta
409 1232 464 1287 est
479 1200 690 1285 excelsioris
702 1218 820 1287 animi
830 1221 1009 1312 cogitatio
1022 1221 1066 1290 de
1080 1222 1222 1293 edendo

145 1369 271 1438 opere,
298 1340 400 1434 quod
417 1361 547 1408 omnes
567 1339 762 1408 exhiberet
776 1343 942 1431 plantas,
971 1365 1061 1434 quas
1082 1368 1135 1412 aaa
1155 1350 1224 1417 Eu·

144 1490 246 1557 ropae
268 1463 461 1556 regiones,
499 1484 582 1551 quae
609 1460 651 1529 in
673 1476 800 1530 nostra
826 1478 948 1533 essent
966 1466 1126 1557 ditione,
1152 1491 1223 1551 una
1257 1499 1260 1557 3

145 1611 234 1657 curn
254 1582 507 1656 Grdenlandia
530 1577 787 1679 procrearent
851 1589 933 1680 Quo
961 1586 1065 1657 facto
1101 1611 1223 1679 spara-

143 1707 349 1797 bantfore,
373 1719 418 1774 ut
445 1718 577 1774 ceterae
602 1728 753 1797 quoque
779 1705 967 1797 civitates,
1005 1713 1223 1802 exemplum

146 1845 296 1920 secutae,
321 1829 406 1920 pari
421 1828 533 1896 modo
548 1827 590 1896 in
607 1828 801 1898 Botanices
818 1830 987 1900 studium
1002 1852 1224 1922 promoven·
1258 1909 1260 1928 Ι

147 1958 240 2027 dum
260 1951 542 2039 incumberent,
576 1973 647 2018 nec
661 1950 734 2019 nisi
751 1974 811 2020 eas
829 1952 1150 2042 repraesentandas
1168 1976 1225 2022 cu·

145 2075 442 2166 rarentplantas,
453 2095 534 2163 quaa
545 2070 856 2145 inFloraDanica
866 2096 943 2141 non
954 2072 1225 2162 invenirentur,

147 2214 268 2290 utque
283 2196 334 2264 ita
350 2195 733 2297 quamplurimarum
749 2201 909 2286 Europae
925 2197 1147 2286 plantarum
1169 2197 1226 2266 de·

146 2319 369 2393 lineationes
397 2331 714 2406 compararentur.
776 2322 909 2408 Neque
939 2318 1020 2386 haec
1046 2341 1112 2386 eos
1147 2338 1226 2410 spes

146 2445 325 2515 frustrata
339 2452 406 2528 est,
429 2461 548 2529 quum
559 2441 606 2508 N.
621 2441 654 2508 J.
665 2441 894 2534 Jacquinius
908 2439 949 2507 in
957 2421 1109 2510 Floram
1125 2464 1227 2511 suam

146 2568 413 2647 Austriacam,
439 2564 468 2629 St
492 2563 536 2630 P.
560 2562 597 2629 S.
620 2562 763 2630 Pallas
784 2559 825 2627 in
848 2562 999 2630 Floram
1024 2565 1227 2634 Roasicam

147 2713 227 2760 non
247 2687 320 2758 nisi
342 2706 403 2752 eas
421 2681 635 2772 reciperent
649 2683 807 2772 plantas,
828 2706 911 2772 quae
929 2682 971 2751 in
985 2683 1110 2754 Dania
1128 2683 1228 2756 nasci

147 2836 226 2883 non
263 2818 500 2900 putarentur.
567 2805 793 2872 Fridericus
823 2807 901 2886 Vll?
926 2804 999 2872 hoc
1029 2807 1230 2877 consilium
1259 2847 1260 2905 3

147 2933 255 3028 regia
273 2927 500 3001 liberalitate
526 2924 678 3011 adjuvit.
740 2926 895 2994 Summa
916 2927 973 2994 rei
992 2929 1228 3017 perficienda
1258 2919 1260 2982 ἒ

149 3079 242 3127 cura
271 3050 493 3123 demandata
514 3061 571 3116 est
597 3046 757 3140 collegio
789 3049 1015 3118 idoneorum
1048 3049 1229 3139 virorum,

149 3179 251 3272 quod
271 3190 403 3244 tamen
424 3185 553 3263 postea
582 3169 808 3239 dissolutum
832 3184 906 3256 est3
932 3169 1156 3264 perscriptae
1172 3197 1230 3266 pa

120 3286 271 3372 'cuniae
305 3296 351 3366 ad
387 3294 542 3383 itinera,
584 3315 666 3382 quae
692 3293 901 3362 necessaria
927 3292 1085 3397 forent,
1120 3276 1260 3397 susci-p

147 3421 304 3517 pianda,
342 3415 389 3486 ad
416 3415 630 3485 mercedem
657 3414 862 3496 editoribus
891 3415 1070 3503 dandam,
1115 3431 1156 3486 et
1191 3413 1231 3485 ad
1259 3407 1260 3411 ¹

147 3538 361 3611 tolerandos
376 3552 543 3626 sumtus,
570 3537 636 3629 qui
652 3537 693 3606 in
707 3539 855 3630 plantas
872 3535 1085 3631 pingendas
1112 3553 1152 3609 et
1172 3536 1230 3610 aeri
1259 3553 1260 3635 j

145 3660 365 3736 incidendas
382 3659 546 3729 faciendi
570 3672 705 3729 essent.
1259 3638 1260 3671 l
