2520 4306
452 171 789 263 PRAEFATIO.
965 212 975 225 ³
1084 172 1139 255 IX

63 386 299 456 demandata.
378 385 488 480 Quod
522 402 624 486 certe
658 405 715 460 est
748 413 815 460 cur
847 387 930 481 quis
960 385 1135 476 miretur,

64 533 185 601 quum
215 511 359 580 Oedero
381 508 424 578 in
448 510 557 580 Flora
587 512 730 583 Danica
754 513 896 582 edenda
922 511 1138 581 succederet
1236 584 1241 592 ,

67 635 108 700 Ο.
127 633 172 698 F.
202 616 407 699 Mullarus.
466 632 541 724 Qui
560 632 616 701 vir
639 633 798 702 eximius
823 648 860 703 et
890 634 936 703 de
959 630 1138 726 Zoologia

62 751 208 844 optime
226 750 405 840 meritus,
434 753 524 843 quid
542 755 768 844 praeclarum
782 757 903 823 valeat
925 755 1135 848 ingenium,

61 873 93 942 si
109 870 227 942 studii
243 875 440 943 accesserit
462 874 571 944 ardor
586 888 625 944 et
648 875 946 968 perseverantia,
981 898 1051 946 nec
1074 874 1136 943 ad·

60 1008 211 1066 versata
234 993 352 1063 fuerit
372 994 544 1085 fortuna,
565 997 714 1067 etiamsi
728 997 854 1089 aliqua
875 995 1096 1071 necessitate
1114 1018 1137 1063 a

60 1141 169 1208 vera,
196 1116 243 1185 ad
260 1139 374 1207 quam
391 1131 527 1187 natura
543 1118 706 1210 ferebat,
722 1152 724 1157 v
738 1119 798 1188 via
820 1119 1060 1210 aliquantum
1076 1114 1139 1185 de-

65 1237 280 1328 clinaverit,
323 1237 466 1341 insigni
489 1239 637 1330 praeivit
659 1245 843 1335 exemplo.
913 1241 1011 1309 Cum
1033 1237 1137 1308 enim

65 1345 291 1432 tricenarius
303 1358 472 1465 historiae
491 1362 672 1431 naturalis
696 1365 850 1435 omnino
871 1377 969 1437 esset
983 1359 1137 1452 imperi-

62 1500 145 1574 tus,
171 1504 311 1575 paucos
326 1496 410 1574 post
430 1506 546 1552 annos
562 1484 603 1552 in
618 1483 842 1575 quibusdam
867 1486 948 1573 ejus
969 1483 1137 1577 partibus

60 1608 165 1699 leges
181 1604 386 1675 constituit.
438 1605 764 1697 Dissertationem,
791 1630 865 1699 qua
881 1606 1024 1676 edenda
1037 1628 1136 1676 auno

64 1750 157 1818 1771
189 1727 422 1797 curriculum
444 1727 706 1822 theologicum
727 1727 833 1818 quasi
850 1727 1040 1821 ingressus
1066 1739 1134 1816 est,

59 1847 132 1920 '·'de
149 1849 602 1941 Michah'leArchangelo
614 1848 846 1940 probabilius
862 1863 1000 1939 creato,
1023 1871 1137 1940 quam

59 1993 138 2040 non
162 1965 311 2038 creato''
333 1969 446 2040 hodie
465 1969 546 2039 fere
572 1970 668 2064 legit
695 1986 761 2042 aut
780 1993 915 2062 nemo,
962 1983 1029 2040 aut
1043 1992 1135 2061 pau-

63 2091 116 2176 ci3
167 2091 268 2182 quod
301 2106 431 2163 autem
459 2091 665 2184 scripturn,
716 2107 803 2185 post
829 2107 971 2162 naturae
1004 2113 1133 2186 regna,

62 2233 202 2306 magna
232 2237 321 2284 eum
339 2213 554 2285 litterarum
581 2213 749 2286 utilitate
758 2264 775 2315 ².
803 2226 1021 2307 peragrata,
1048 2236 1134 2283 cur-

61 2336 183 2404 riculo
202 2335 280 2422 jam
305 2335 520 2430 egrediens,
545 2337 729 2405 ultimum
752 2334 889 2404 edidit:
943 2330 1135 2403 ''Animal-

60 2458 148 2526 cula
163 2455 364 2526 infusoria’·
379 2456 440 2548 id,
467 2473 510 2527 ut
523 2456 701 2527 nonnulli
728 2455 886 2527 Linnoei
913 2454 1023 2545 libri,
1049 2468 1136 2525 aeta-

55 2593 140 2648 tem
161 2577 253 2646 tulit
275 2593 313 2648 et
340 2578 448 2650 feret.
509 2585 559 2653 Et
587 2578 757 2671 profecto
781 2578 901 2647 Florae
929 2576 1135 2647 dolendum

57 2713 136 2790 est,
171 2700 272 2791 quod
297 2724 360 2791 ea,
394 2725 508 2794 quam
528 2702 719 2794 ingressus
746 2713 845 2789 erat,
877 2696 938 2769 via
962 2723 1046 2770 raro
1070 2700 1134 2783 ad-

55 2822 217 2892 modum
231 2844 301 2913 per
314 2822 445 2892 hortos
464 2845 550 2893 suos
565 2823 737 2891 ducebat.
788 2821 867 2892 Ubi
887 2821 989 2891 enim
1012 2844 1053 2892 se
1076 2822 1140 2892 in-

54 2947 183 3014 vicem
197 2945 389 3039 attingunt
408 2946 585 3015 Botanice
608 2957 647 3012 et
663 2940 868 3036 Zoologia‚
895 2942 962 3010 ubi
974 2942 1136 3035 propriu

54 3065 283 3137 animalium
298 3082 337 3137 et
351 3069 568 3159 plantarum
583 3081 727 3136 naturae
757 3065 968 3152 conjunctae
988 3077 1077 3134 sunt
1098 3078 1137 3133 et

56 3188 167 3280 quasi
185 3189 376 3280 confusae,
405 3190 464 3261 ibi
479 3191 635 3261 demum
651 3188 864 3273 Miillerus,
899 3209 982 3278 quae
1000 3184 1135 3288 acutis-

53 3311 151 3380 sime
165 3310 429 3402 fobservasset,
478 3310 756 3382 accuratissime
790 3306 998 3400 descripsit.
1059 3309 1136 3380 Ita·

52 3456 129 3523 que
149 3430 192 3500 i'n
214 3430 262 3500 iis
278 3434 514 3523 Fasciculis,
541 3433 609 3526 qui
626 3433 670 3502 ab
689 3451 733 3498 eo
750 3428 841 3499 editi
860 3443 969 3521 sunt,
995 3432 1134 3523 plantae

51 3536 182 3623 minus
202 3566 384 3622 accurate
404 3529 442 3623 et
459 3557 651 3649 eleganter
673 3573 786 3642 quam
806 3550 847 3620 in
872 3552 1005 3642 primis
1020 3556 1134 3627 Oecle-

53 3675 183 3746 riam's
201 3687 291 3744 sunt
310 3674 527 3764 delineatae5
552 3677 595 3748 in
608 3671 749 3770 plantis
763 3671 810 3744 ad
823 3694 936 3744 suum
949 3673 1141 3767 'cujusque-
1232 3751 1233 3756 ,
