2504 4320
121 126 250 206 XXVI
478 125 845 198 PRAEFAT10..

125 352 267 428 essent,
303 359 439 429 quare
462 357 601 431 magno
627 337 844 429 plantarum
863 333 1025 407 numero
1050 333 1200 404 'nomina
1242 365 1244 369 ·

122 462 300 552 imposita
322 472 411 527 sunt
435 460 577 543 diversa
603 461 646 529 ab
668 460 734 550 iis,
765 461 900 550 quibus
925 459 966 526 in
989 459 1105 527 Flora
1135 461 1202 526 Da-

122 583 207 655 nica
224 582 393 652 audiunt.
445 585 530 651 Huc
546 581 707 671 accedit,
742 581 843 671 quod
864 582 911 649 ob
933 579 1060 669 operis
1076 575 1208 666 ampli·

122 703 296 774 tudinem
322 702 545 792 perdifficile
577 718 634 770 est
662 705 846 772 memoria
879 715 1032 789 tenere,
1080 713 1205 768 utrum

121 826 253 917 planta
270 825 394 914 aliqua
417 836 566 913 recepta
586 824 645 913 sit,
672 847 743 894 nec
759 847 826 912 ne,
859 836 897 892 et
922 834 1018 914 quot
1042 819 1210 889 diverso‘

122 970 210 1021 rum
234 967 418 1040 generum
451 946 594 1036 species
616 945 672 1025 ibi
700 945 939 1036 reperiantur
964 966 1044 1013 uno
1071 946 1204 1012 obtutu

123 1066 334 1160 complecti.
768 1038 771 1054 .

254 1191 387 1288 Itaque
411 1189 628 1279 plantarum
656 1187 813 1271 nomina
840 1211 885 1257 eo
908 1185 1040 1257 ordine
1069 1205 1207 1276 propo.¹

122 1310 192 1401 sui,
219 1309 349 1402 quoin
361 1312 647 1379 nomenclatura
664 1311 905 1404 singulorum
921 1309 1202 1380 Fasciculorum

18 1427 20 1431 ’
122 1446 346 1519 occurrunt,
381 1432 564 1519 adjunctis
588 1432 704 1501 etiam
725 1431 1020 1518 recentioribus,
1066 1429 1202 1520 quibus

121 1566 324 1643 vocantur,
358 1555 597 1643 nominibus,
631 1554 882 1644 correctisque
903 1553 935 1623 si
951 1571 1034 1644 quae
1051 1548 1096 1616 in
1109 1542 1200 1614 anti·

123 1674 319 1766 quioribus
341 1689 495 1765 peccata
515 1691 643 1763 erant5
677 1677 811 1747 deinde
825 1698 912 1744 vero
939 1675 1056 1744 etiam
1074 1668 1202 1738 ordine

123 1799 383 1891 systematic05
401 1799 530 1889 quain
546 1823 587 1868 re
598 1798 744 1869 Linnaei
758 1812 920 1893 systema
936 1807 1087 1866 secutus
1106 1812 1199 1860 sum.

121 1921 304 1991 Naturale
325 1921 427 1988 enim
450 1920 524 1990 nisi
547 1921 716 2012 perfecto
742 1942 877 2012 opere,
914 1941 1052 2010 parurn
1068 1929 1206 2007 aptum.

120 2041 334 2126 videbatur3
379 2056 417 2110 et
442 2043 605 2133 denique
636 2045 773 2133 plantae
807 2038 1047 2137 systematico
1072 2037 1205 2107 ordine

122 2163 349 2231 exhibentur
367 2187 442 2259 quo
461 2165 543 2255 quis
562 2187 656 2256 eam,
683 2187 796 2256 quarn
818 2162 996 2254 requirit,
1031 2159 1201 2251 plantam

119 2282 271 2353 facilius
293 2286 461 2377 reperire
482 2285 610 2376 possit.
682 2261 952 2355 Ceterumhoc
975 2284 1062 2352 loco
1078 2281 1201 2349 obser.

120 2407 284 2477 vandum
304 2409 380 2496 est,
413 2431 455 2476 ea
479 2407 695 2498 plantarum
719 2408 891 2496 nomina,
923 2428 1008 2497 quae
1032 2400 1206 2490 cursivis‚›

121 2553 214 2622 quos
237 2544 396 2619 vocant,
448 2531 545 2622 typis
572 2529 756 2620 descripta
778 2543 884 2617 sunt,
924 2528 966 2599 in
995 2519 1201 2616 antiquiori

119 2652 404 2720 nomenclatura
418 2650 600 2740 inveniri,
626 2673 709 2741 quae
726 2673 828 2719 nunc
842 2663 987 2718 mutata
1007 2661 1075 2717 est.

250 2773 357 2844 Licet
379 2796 526 2842 summa
546 2773 591 2842 in
625 2773 848 2866 corrigendo
882 2770 1049 2841 adhibita
1083 2769 1201 2840 fuerit

120 2914 218 2984 cura,
243 2907 372 2964 tamen
386 2896 569 2963 nonnulla
585 2917 605 2962 a
628 2894 788 2964 librariis
804 2909 956 2986 peccata
972 2904 1081 2982 sunt,
1117 2892 1201 2982 quae

117 3013 218 3083 inter
243 3031 363 3084 errata
376 3016 608 3109 referentur.
684 3019 880 3109 Praecipue
908 3029 1036 3086 autem
1060 3014 1204 3107 corrigi

117 3133 255 3205 debent
277 3159 359 3228 quae
382 3136 425 3208 in
439 3136 607 3206 numeris
618 3153 770 3229 peccata
788 3153 898 3225 sunt3
923 3162 1050 3230 neque
1069 3152 1199 3208 tamen

109 3278 161 3325 ea
174 3258 296 3328 multa
314 3273 422 3349 sunt,
457 3283 527 3329 nec
550 3261 679 3354 magni
694 3262 892 3331 momenti.

637 3483 677 3567 J.
728 3482 805 3573 W.
853 3483 1133 3568 Hornemonn·
1202 3420 1205 3425 *
