2520 4306
129 131 166 202 x
500 128 837 226 Panemo.

132 365 251 441 genus
265 355 304 412 et
316 342 481 434 speciem
494 341 719 434 referendis,
747 340 846 414 etin
871 338 1074 411 afferendis
1106 363 1214 436 syno

132 465 257 560 nymis
273 488 548 557 nonnunquam
563 489 641 536 non
657 465 745 535 satis
759 477 935 534 accurate
949 479 1123 532 versatus
1140 478 1214 550 est5

133 587 305 680 quoedam
314 585 475 678 denique
485 587 677 658 inferioris
687 584 1060 680 ordinisvegetabilia
1077 587 1213 656 ceteris

132 709 186 780 ita
196 708 378 800 praetulit,
397 721 440 777 ut
451 732 541 780 eum
554 709 662 780 inhis
676 707 958 801 perscrutandis
970 708 1214 798 praecipuum

135 832 334 902 collocasse
363 828 534 900 studium
565 831 675 902 facile
701 843 888 922 appareat.
948 833 1005 902 Ex
1027 828 1089 897 his
1117 830 1213 899 Con·

132 952 251 1023 servas
271 951 447 1043 inprimis
464 967 501 1022 et
509 955 672 1046 Fungos,
698 953 776 1023 huc
796 975 930 1044 usque,
954 952 1076 1044 magis
1097 975 1214 1043 quam

132 1097 200 1168 par
220 1087 317 1166 erat,
340 1074 558 1169 neglectos,
580 1076 772 1145 illustrare
790 1089 828 1144 et
842 1073 1113 1144 Botanicorum
1138 1087 1212 1142 stu-

134 1197 196 1268 dio
220 1195 484 1266 commendare
501 1196 657 1268 studuit.
712 1195 787 1292 Qui
806 1209 936 1265 autem
950 1194 992 1264 in
1004 1208 1212 1289 systemate

132 1320 240 1389 locus
256 1316 396 1410 Fungis
414 1331 510 1386 esset
522 1316 767 1409 tribuendus,
800 1316 990 1387 nonsatis
1021 1330 1129 1387 certo
1153 1340 1212 1386 ex·

132 1443 325 1534 ploratum
343 1438 518 1508 habuisse
528 1440 740 1510 Miillerum
766 1440 901 1510 exinde
922 1419 1091 1531 apparet,
1112 1439 1213 1530 quod

136 1561 359 1630 Clanarium
372 1560 601 1649 militarem,
637 1585 757 1653 quum
773 1563 908 1632 eodem
931 1562 1012 1631 fere
1037 1545 1213 1652 ternpore

132 1678 175 1752 in
192 1679 380 1773 Zoologiae
396 1682 550 1752 Danicae
559 1685 766 1756 Prodromo
785 1685 832 1754 ad
849 1683 1025 1756 animalia
1038 1682 1211 1772 referret,

132 1799 447 1874 inFloraDanica
466 1804 567 1877 inter
580 1810 728 1899 plantas
746 1805 875 1876 edidit.
941 1805 1137 1874 Indefesso
1157 1805 1213 1874 in⁴

135 1946 268 1994 census
294 1923 419 1994 studio
445 1927 606 1999 minima
629 1952 808 2021 quaeque,
844 1948 927 2018 quae
946 1949 1024 1995 non
1047 1926 1126 1995 nisi
1142 1925 1211 1996 mi·

135 2045 407 2137 croscopiiope
429 2050 621 2121 observari
647 2062 824 2144 possunt,
861 2047 1152 2139 perscrutandi,
1176 2060 1212 2116 et

131 2168 186 2237 ita
202 2166 245 2253 in
261 2190 356 2236 nova
371 2170 477 2266 quasi
494 2196 624 2243 rerum
647 2158 801 2262 natura,
835 2171 935 2239 inter
959 2193 1018 2239 res
1040 2169 1211 2264 incogni-

132 2303 189 2360 tas
213 2291 350 2360 versari
370 2307 559 2384 assuetus,
607 2296 655 2365 ad
688 2297 867 2384 majoreS,
909 2307 948 2362 et
978 2314 1061 2382 quae
1091 2292 1211 2385 magis

131 2427 232 2485 notae
253 2427 379 2504 erant,
405 2416 552 2506 plantas
570 2417 741 2486 animum
756 2433 834 2487 tam
851 2439 989 2508 parum
1004 2411 1210 2484 attendisse

130 2537 301 2625 videtur,
326 2549 370 2603 ut
386 2536 427 2605 in
440 2537 499 2606 his
517 2538 599 2630 ipsa
628 2540 742 2610 etiam
768 2538 1056 2609 nomenclatura
1081 2534 1210 2628 paullo

130 2655 386 2750 negligentius
403 2660 673 2748 conficeretur3
698 2662 737 2731 id
753 2662 854 2753 quod
867 2682 947 2729 non
966 2679 1102 2748 pauca,
1130 2677 1209 2748 quae

129 2778 172 2851 in
194 2777 394 2848 Fasciculis
420 2782 465 2849 ab
496 2806 540 2851 eo
564 2782 692 2873 editis,
746 2782 788 2852 in
809 2779 1049 2851 nominandis
1069 2778 1208 2870 plantis

128 2913 283 2993 peccata
300 2915 406 2991 sunt,
437 2927 493 2973 ex.
515 2925 570 2998 gr.
593 2929 713 2996 quum
736 2904 947 2998 Origanum
966 2901 1126 2993 vulgare
1141 2922 1207 2992 pro

127 3025 288 3098 Mentha
317 3023 482 3111 hirsuta3
515 3028 660 3096 Ballota
684 3026 793 3120 nigra
815 3049 885 3118 pro
900 3023 1074 3113 ¹Mentha
1097 3044 1209 3114 aqua<

127 3145 219 3232 tica3
251 3145 456 3235 Raphanus
480 3149 775 3238 Raphanistrnm
803 3170 872 3240 pro
905 3143 1035 3233 sinapi
1062 3139 1209 3213 arvensi

126 3266 399 3356 nominaretur,
421 3267 569 3360 aliaque
588 3271 675 3342 satis
692 3271 908 3341 ostendunt.
961 3264 1076 3336 Haud
1091 3265 1208 3358 igitur

125 3413 220 3459 vana
237 3404 346 3457 erant
365 3390 513 3481 omnia,
547 3416 629 3484 quae
657 3417 790 3463 censor
816 3393 858 3461 in
880 3385 1128 3480 Ephemerid.
1148 3385 1209 3456 lit·

125 3527 238 3582 terar.
255 3511 391 3583 Danic.
407 3514 488 3584 Vol.
516 3513 577 3587 IV.
599 3517 768 3586 Miillero
794 3512 957 3602 objecit3
992 3520 1208 3600 quanquam

127 3635 171 3712 in
194 3635 277 3706 aliis
301 3635 414 3706 rebus
441 3650 587 3709 tantam
609 3637 845 3730 imperitiam
860 3627 938 3731 prae
957 3657 996 3705 se
1018 3631 1130 3722 tulit,
1169 3640 1209 3699 ut
