2520 4306
454 177 790 254 PRAEFA'I'IO.
984 216 995 237 ·
1079 175 1135 246 xt

59 397 262 486 Anonymo
281 389 430 460 cuidam
446 377 642 461 censuram
664 414 770 461 suam
787 388 1023 461 acerbissime
1038 381 1136 456 face-⁴

58 515 279 605 tissimeque
300 515 378 583 sive
404 513 604 584 refellendi
628 511 952 606 sive.exagitandi
974 509 1134 579 occasio-

59 661 150 707 nem
179 636 376 728 praeberet.
439 640 489 706 At
518 658 606 705 vero
634 636 734 728 quod
753 637 798 704 ab
819 649 900 704 arte
926 633 1053 703 minus
1075 635 1134 702 in-

59 756 194 826 structi
219 769 309 826 sunt
333 756 517 826 Fasciculi
540 758 794 842 Mulleriani‚
842 757 948 843 cujus
966 756 1023 825 rei
1047 755 1134 825 satis

57 880 181 948 multa
208 879 450 970 reperiuntur
472 881 664 971 exempla,
698 880 737 949 id
751 879 907 948 fortasse
932 877 1023 969 ipsis
1037 890 1134 947 tem·

57 1002 216 1093 poribus
242 1000 489 1068 tribuendum
513 1002 596 1092 quis
625 999 830 1092 putaverit,
874 1020 953 1068 non
982 999 1133 1088 editori,

58 1138 103 1191 ut
119 1123 277 1213 quinon
293 1146 313 1192 a
327 1123 477 1212 talibus,
504 1123 632 1214 quales
652 1125 794 1194 Oedero
810 1135 947 1213 praesto
961 1120 1133 1209 fuissent,

62 1244 265 1314 artificibus
284 1243 543 1330 adjuvaretur3
570 1243 765 1313 defunctos
790 1242 895 1313 enim
918 1243 997 1329 jam
1018 1246 1136 1314 Roes·

64 1369 182 1456 leros,
209 1379 248 1435 et
266 1364 424 1433 fratrem
440 1367 622 1455 Miilleri,
660 1366 830 1456 peritum
844 1379 975 1457 postea
996 1377 1036 1433 et
1050 1363 1135 1433 dili-

61 1501 216 1582 gentem
239 1488 440 1576 artificem,
466 1488 529 1557 cui
544 1501 589 1557 ut
607 1489 753 1579 plantas
776 1487 1000 1581 depingeret
1016 1499 1055 1556 et
1069 1484 1134 1553 aeri

57 1609 246 1680 incideret
260 1609 503 1680 commissum
518 1609 584 1700 sit,
616 1624 702 1679 tum
722 1609 1000 1679 adolescentem
1017 1608 1133 1678 fuisse

58 1731 101 1802 in
120 1745 202 1801 arte
214 1754 351 1825 parum
366 1733 632 1835 exercitatum:
669 1733 735 1801 sed
760 1754 911 1802 causam
932 1731 990 1801 rei
1005 1743 1136 1801 tamen

58 1853 221 1924 sustinet
248 1855 461 1936 Miillerus,
504 1853 569 1944 qui
583 1853 835 1923 liberalissimi
856 1852 972 1947 Regis
1001 1854 1134 1922 volun·

58 1976 150 2067 tati,
182 1977 231 2046 de
253 1998 368 2067 opere
386 1974 561 2046 omnibus
580 1976 749 2045 numeris
776 1973 1002 2062 absolvendo
1022 1974 1139 2064 perfi-‘

61 2099 288 2190 ciendoque,
314 2122 393 2169 non
409 2099 560 2187 eodem,
584 2120 661 2190 quo
681 2101 860 2184 Oederus,
885 2095 1008 2166 studio
1030 2097 1134 2165 satis-

62 2219 184 2289 facere
204 2233 359 2290 conatus
378 2219 438 2292 sit.

162 2342 347 2414 Valetudo
383 2355 561 2432 totusque
590 2341 757 2431 corporis
785 2341 936 2411 habitus
963 2340 1135 2412 Miillero

58 2462 335 2555 impedimento
354 2463 448 2553 fuit,
487 2485 562 2553 quo
587 2463 712 2530 minus
740 2463 787 2532 ad
809 2464 956 2554 plantas
978 2462 1134 2553 conqui-

57 2585 195 2656 rendas
214 2584 331 2655 latius
353 2583 623 2678 circumvagari
649 2596 786 2674 posset.
856 2584 987 2656 Nihilo
1008 2586 1135 2654 minus

57 2721 189 2776 tamen
205 2706 281 2775 duo
302 2704 343 2776 in
356 2708 585 2800 Norvegiam
606 2704 744 2776 itinera
759 2707 944 2798 suscepit,
970 2708 1136 2778 alterum

56 2830 102 2900 in
120 2819 318 2923 regionem
337 2828 621 2917 Tellemarken,
671 2828 773 2919 quod
796 2842 930 2918 postea
950 2827 1136 2922 singulari

57 2952 158 3022 libro
177 2949 382 3041 descripsit,
400 2948 465 3019 sed
481 2948 563 3040 ipse
574 2948 724 3040 fatetur,
741 2951 897 3020 sefratri
910 2949 1136 3040 expeditiori

55 3072 253 3143 mandasse
272 3084 316 3141 ut
330 3072 542 3163 plantasin
561 3072 756 3144 montibus
776 3072 1020 3163 conquireret
1037 3071 1137 3142 etad

55 3218 97 3264 se
110 3194 286 3279 deferret3
306 3195 467 3262 alterum
477 3193 518 3263 in
528 3195 701 3288 regiones
710 3194 929 3283 maritimas,
939 3192 1080 3263 comite
1089 3198 1136 3265 R.

57 3318 120 3388 W.
129 3315 329 3405 Assensio,
345 3314 581 3385 adolescente
590 3319 805 3386 litterarum
813 3316 989 3406 studioso,
1004 3314 1137 3409 postea

54 3436 236 3508 Arsleviae
257 3458 377 3528 prope
408 3437 611 3508 Arhusiam
634 3462 830 3508 sacrorum
850 3441 1035 3530 antistite,
1069 3442 1137 3532 qui

54 3574 251 3629 strenuam
270 3558 330 3628 his
356 3559 495 3629 litteris
519 3583 675 3651 operam
701 3562 868 3630 navabat.
927 3566 983 3634 Ex
1000 3563 1135 3652 quibus
1172 3586 1174 3594 ¹

52 3679 255 3750 itineribus
269 3705 497 3774 quamquam
509 3683 633 3769 major
649 3682 695 3752 ad
713 3683 935 3774 Zoologiam
950 3707 1066 3776 quam
1088 3683 1136 3753 ad
