2520 4306
454 142 791 219 PRAEFATIO.
910 84 914 91 Ι
1040 144 1132 216 XV

51 359 273 454 quisiturus.
328 349 463 447 Neque
485 377 606 446 quum
630 368 716 426 aetas
741 333 1005 452 ingravescens
1030 353 1130 426 vires

44 481 326 568 'imminuisset,
361 493 400 547 et
422 479 507 548 vitae
534 478 680 548 labores
702 478 806 569 piam
828 478 975 572 ingenii
999 479 1132 548 lenita-

51 622 133 675 tem
150 589 430 690 exacerbasset,
461 601 580 671 Florae
600 594 746 688 deerat,
779 599 845 669 sed
861 623 959 670 anno
980 615 1074 682 1802
1090 599 1133 668 in

53 725 257 818 'Norvegiae
278 721 478 815 regionem
496 721 762 794 Tellernarken
774 723 964 812 profectus
981 736 1047 812 est,
1062 744 1134 792 nec

52 864 97 918 ut
113 850 228 941 plura
252 844 412 936 posthac
434 841 572 913 itinera
590 842 799 936 susciperet
820 844 878 914 vir
899 866 1056 915 summae
1077 843 1136 915 in·

52 970 226 1058 dustria,
251 965 329 1036 fata
342 964 609 1057 permiserunt.

187 1095 279 1162 Duo
296 1079 470 1179 inprimis
491 1111 513 1157 a
533 1088 680 1160 Vahlio
692 1088 735 1159 in
762 1085 906 1157 edenda
924 1087 1033 1157 Flora
1059 1090 1136 1160 Da-

56 1216 145 1286 nica
168 1212 369 1282 commissa
384 1214 464 1278 es'se
478 1209 643 1297 jactant3
671 1234 754 1303 quae
769 1211 938 1280 hocloco
970 1232 1137 1278 comme-

57 1335 239 1406 moranda
267 1344 397 1401 erunt:
431 1328 615 1422 alterum,
659 1333 761 1424 quod
783 1331 907 1423 operis
932 1332 1138 1403 editionem

58 1483 138 1530 non
158 1457 247 1526 satis
262 1452 546 1542 acceleraverit,
572 1456 746 1544 alterum,
775 1455 877 1544 quod
896 1478 948 1523 eae
967 1454 1138 1524 subtilio-

56 1605 150 1652 rum
168 1580 385 1671 plantarum
405 1589 550 1666 pamm,
577 1600 659 1668 quae
678 1578 725 1647 ad
749 1579 896 1667 plantas
912 1597 1139 1670 cognoscen-

58 1705 123 1773 das
140 1714 181 1769 et
196 1700 244 1769 ad
264 1723 377 1768 suurn
396 1721 584 1789 quamque
601 1720 721 1792 genus
739 1713 778 1768 et
793 1699 959 1791 speciem
973 1700 1140 1768 referen-

59 1821 315 1913 dasinprimis
329 1821 477 1911 valent,
504 1845 560 1890 ex,
579 1842 633 1914 gr.
648 1821 894 1912 peristomata
910 1844 1140 1910 muscorum,

58 1946 189 2016 minus
223 1957 399 2013 accurate
436 1956 474 2013 et
513 1942 714 2037 diligenter
742 1957 1020 2036 repraesentatae
1053 1942 1141 2028 sint,

63 2091 178 2158 quarn
196 2088 266 2157 pro
285 2088 348 2155 ea,
383 2088 466 2157 quae
501 2077 593 2133 tunc
617 2080 715 2156 erat,
755 2068 895 2136 harum
923 2066 1143 2156 plantarum

66 2187 283 2282 cognitione
307 2187 393 2275 jure
426 2186 611 2279 postulari
638 2210 749 2278 posse
777 2188 981 2257 videretur.
1050 2190 1143 2279 Quae

68 2333 183 2401 quam
203 2331 292 2379 vere
321 2311 364 2382 V
358 2310 469 2380 altlr'o
491 2310 739 2400 objiciantur,
780 2311 909 2400 paullo
931 2309 1144 2395 accuratius

66 2433 141 2501 erit
159 2431 377 2501 videndum.
430 2406 570 2525 Negari
586 2431 743 2523 quidem
758 2430 905 2520 nequit,
931 2429 1146 2500 Mallorum

67 2568 106 2623 et
125 2555 317 2629 Valrlium
336 2574 415 2623 non
444 2555 594 2645 eadem,
630 2575 704 2645 qua
729 2553 918 2638 Oederus,
952 2550 1147 2620 celeritate

65 2679 109 2747 in
139 2674 285 2746 edendo
319 2697 436 2766 opere
461 2675 578 2745 fuisse
600 2687 778 2746 versatos.
838 2671 894 2740 Ab
918 2695 1017 2744 anno
1044 2673 1148 2744 enim

72 2800 179 2887 1761.
203 2795 248 2864 ad
276 2818 308 2864 a.
339 2818 431 2886 1771
463 2800 631 2867 Oederus
654 2797 786 2865 decern
808 2794 1035 2883 Fasciculos,
1074 2794 1150 2863 sin·

72 2919 174 3014 gulis
200 2917 330 3008 itaque
349 2918 456 2987 annis
486 2917 656 3011 singulos
677 2915 803 2987 edidit.
867 2917 923 2985 Ab
938 2938 1046 2984 anno
1061 2914 1150 2984 inde

75 3061 208 3133 1772,
236 3061 312 3131 quo
333 3063 432 3108 anno
461 3042 629 3109 Oederus
661 3039 801 3109 abhoc
826 3037 961 3107 edendi
989 3060 1152 3106 munere

71 3174 248 3235 avocatus
264 3172 340 3251 est,
385 3183 505 3252 usque
523 3161 570 3230 ad
586 3185 729 3231 annum
748 3174 860 3250 1782,
916 3162 957 3230 0.
973 3161 1017 3228 F.
1039 3159 1154 3230 Mul-

74 3291 181 3359 lerus
197 3282 367 3375 quinque
390 3284 624 3374 Fasciculos,
650 3285 691 3354 id
706 3296 781 3377 est,
814 3279 974 3374 singulis
991 3281 1155 3353 bienniis

72 3408 245 3501 singulos
263 3403 391 3475 edidit.
443 3407 499 3475 Ab
508 3429 606 3475 anno
631 3420 737 3495 1785.
758 3406 806 3475 ad
826 3420 944 3495 1804,
963 3427 1037 3495 quo
1053 3427 1155 3474 anno

78 3532 120 3604 V
117 3529 252 3598 aldius
269 3525 446 3615 decessit,
470 3549 535 3596 sex
556 3529 740 3598 Fasciculi
766 3529 856 3596 editi
873 3539 981 3616 sunt,
1017 3549 1110 3619 quos
1126 3526 1159 3594 si

75 3647 369 3743 computaveris,
397 3649 564 3720 efficient
578 3651 619 3720 in
634 3651 783 3744 singula
805 3648 886 3719 fere
904 3651 1069 3720 triennia
1083 3650 1163 3717 sins»
