2520 4306
99 147 155 223 VI
452 143 780 221 PRAEFA'I'IO.

95 380 260 452 quorum
286 354 353 424 ille
380 353 471 424 artis
499 357 540 426 in
568 379 617 426 aes
643 356 855 449 incidendi,
901 360 973 432 hic
1007 362 1175 461 pingendi

97 478 348 573 peritissimus
385 477 520 547 artifex
561 494 663 566 erat,
714 502 839 571 neque
874 483 1020 576 negari
1056 502 1175 580 potest,

97 616 307 690 utrumque
320 599 362 667 in
383 622 452 668 suo
472 621 611 693 genere
627 623 669 671 ea
695 600 891 695 diligentia
918 606 1178 702 elegantiaque

96 736 285 792 versatum
304 744 395 809 esse,
413 745 496 812 quae
516 734 608 790 tunc
626 721 809 819 temporis
829 724 1035 799 rarissime
1049 731 1093 801 in
1109 754 1180 823 ope·

95 845 199 915 ribus
223 841 411 914 Botanicis
434 843 728 935 conspiceretur.
788 847 881 940 Quae
907 869 973 917 res
997 875 1081 924 una
1108 877 1180 924 cum

96 968 232 1060 peritia
247 981 285 1035 et
297 964 492 1056 diligentia
518 966 674 1050 Oedert',
698 965 783 1034 lieri
803 988 881 1036 non
908 972 1069 1064 potuit,
1102 975 1181 1067 quin

98 1113 192 1181 opus
210 1090 346 1157 harum
364 1087 580 1156 litterarum
605 1085 780 1157 studiosis
807 1091 964 1184 egregie
993 1100 1178 1188 probaret.

97 1213 170 1282 Sed
184 1211 258 1281 alia
275 1208 390 1279 etiam
405 1230 464 1276 res
480 1230 557 1277 non
579 1206 706 1277 minus
725 1209 771 1277 ad
793 1231 889 1302 opus
908 1221 1180 1290 commendan-

100 1335 193 1404 dum
207 1331 338 1403 valuit.
392 1330 715 1401 Desiderabantur
733 1331 837 1400 enirn
860 1355 904 1401 ea
930 1349 1054 1410 aetate
1074 1366 1179 1435 quum

98 1454 261 1524 aliarum
282 1456 503 1544 plantarum
521 1464 836 1542 spontanearum,
860 1467 946 1525 tum
969 1477 1180 1533 arctoarum

99 1574 273 1666 inprimis
282 1589 461 1644 accuratae
477 1587 517 1644 et
530 1575 721 1667 elegantes
733 1574 1020 1653 delineationea
1067 1588 1179 1657 Floro

99 1700 335 1792 Lapponica
354 1698 511 1770 Linnoei
529 1695 670 1782 injecta
688 1709 768 1765 erat
784 1697 964 1792 cogitatio
981 1703 1033 1775 de
1047 1708 1179 1800 plantis

100 1821 270 1914 Alpinis,
304 1821 451 1911 quaein
475 1818 695 1912 regionibus
722 1821 1094 1911 septentrionalibus
1115 1834 1179 1901 'na-

97 1958 272 2031 scuntur,
301 1956 340 2010 et
357 1964 589 2033 quamquam
605 1963 741 2032 parum
769 1944 965 2035 eleganter
985 1947 1180 2023 delineata
1216 2018 1220 2041 ,

100 2080 206 2135 erant
223 2068 372 2156 plantae,
393 2063 528 2153 quibus
542 2077 718 2133 ornatum
733 2079 814 2133 erat
824 2064 898 2135 hoc
914 2088 1039 2159 opus3
1066 2090 1179 2144 osten-

98 2186 203 2255 derat
219 2196 348 2255 tamen
371 2199 464 2275 quot
487 2199 524 2253 et
542 2209 655 2276 quarn
682 2184 846 2279 insignes
869 2188 1100 2278 plantarum
1116 2196 1178 2264 for⁴

99 2331 179 2378 mas
210 2308 317 2402 regio
349 2320 475 2376 arctoa
504 2321 738 2398 procrearet,
786 2309 833 2378 ad
857 2331 950 2401 quas
990 2319 1177 2410 praecipue

104 2434 291 2519 Oederus,
326 2430 502 2520 pluribus
524 2429 567 2497 in
588 2429 818 2523 Norvegiam
836 2435 1024 2524 susceptis
1039 2437 1177 2510 itineri·

99 2553 180 2642 bus,
207 2553 377 2623 animum
389 2552 560 2621 attendit.
611 2550 1084 2631 Primus'FloraeDanicae
1100 2565 1176 2632 Fo-

100 2676 267 2744 sciculus
278 2698 356 2743 non
370 2674 494 2744 minus
509 2672 754 2767 quadraginta
769 2688 917 2767 septem
929 2678 1177 2766 plantasNor

99 2796 248 2890 vegicas
264 2796 428 2883 exhibet,
448 2816 613 2886 quarum
630 2817 767 2890 magna
783 2817 869 2887 pars
888 2810 976 2868 ante
994 2804 1176 2875 Oederum

100 2920 289 2992 delineata
309 2943 388 2991 non
410 2929 501 3003 erat,
529 2930 742 2987 ceterarum
756 2932 883 2988 autern
898 2921 1096 3015 pleraeque
1108 2947 1176 2995 non

97 3045 171 3115 nisi
187 3071 232 3116 ex
245 3041 475 3136 imaginibus
489 3060 625 3129 parurn
642 3054 816 3110 accurate
833 3039 940 3111 factis
954 3047 1130 3138 cognitae.

229 3170 309 3238 Nec
337 3163 464 3232 minus
493 3159 535 3230 in
559 3161 772 3255 Slesvigum
801 3175 840 3231 et
860 3165 1097 3258 Holsatiam,
1137 3179 1176 3234 ut

99 3283 216 3354 etiam
237 3288 279 3355 in
302 3284 593 3375 Oldenburgum
617 3296 656 3353 et
677 3283 1061 3376 Delmenhorstium,
1097 3310 1173 3380 quac

95 3421 187 3475 tunc
204 3406 246 3475 in
260 3410 459 3478 Danorum
480 3405 624 3475 ditione
644 3418 770 3495 erant,
796 3406 934 3475 itinera
951 3410 1174 3500 suscipiebat

92 3531 271 3600 Oeclerus.
335 3525 390 3601 Ex
417 3527 614 3620 Borringia
638 3543 677 3597 et
693 3529 857 3599 islandia
879 3530 1027 3619 plantas
1051 3531 1171 3599 mitte·

86 3651 194 3721 batJ.
204 3652 250 3720 G.
263 3651 490 3744 Koeuigius,
512 3674 629 3747 quern
642 3653 678 3722 C.
687 3655 732 3725 F.
742 3651 988 3725 Rottbb'llii&
999 3652 1035 3721 J.
1042 3655 1178 3748 Zoegae-
