2520 4306
393 147 729 231 PRAEFATIO.
1002 151 1113 227 XXV

26 359 138 434 micis
171 358 322 433 circiter
355 379 471 450 1200,
507 383 563 457 ‚ex
598 359 886 458 cryptogamicis
917 386 1007 434 vero
1039 383 1113 455 900

23 497 195 576 receptae
231 484 323 568 sint3
375 505 422 552 ex
459 481 537 551 illis
560 503 652 575 400,
698 508 744 553 ex
782 485 841 553 his
876 507 965 554 vero
1009 505 1108 574 2500

26 604 156 673 adhuc
182 618 335 674 restant.
409 605 542 696 Itaque
577 628 623 674 ex
640 600 643 607 ’
659 605 797 697 plantis
824 589 1113 695 perfectioribus

23 748 109 796 non
133 723 209 794 nisi
231 738 362 816 quarta
384 748 471 817 pars
504 741 639 817 restat,
682 750 727 796 ex
764 725 1108 817 imperfectioribus

21 867 118 917 vero
135 869 214 916 non
230 846 304 917 nisi
321 863 451 938 quarta
466 870 551 939 pars
569 848 755 919 delineata
770 862 836 917 est.
886 849 970 942 Quo
988 850 1114 919 minus

22 982 163 1040 autem
181 992 270 1040 vera
286 971 438 1060 numeri
455 969 550 1051 ratio
573 984 717 1043 servata
731 970 868 1060 fuerit,
906 991 951 1039 eo
968 969 1114 1040 factum

24 1103 100 1180 est,
127 1090 230 1180 quod
244 1091 361 1183 primi
383 1092 543 1161 editores
565 1115 642 1161 non
659 1091 744 1160 satis
760 1089 1113 1183 animadverterant,

27 1225 175 1302 quanto
193 1214 322 1303 plures
341 1216 510 1307 Fungos,
544 1217 718 1301 Muscos,
746 1213 859 1304 Algos
881 1217 963 1302 &c.,
996 1237 1113 1304 quam

29 1332 108 1401 alia
130 1335 343 1424 plantarum
359 1355 498 1430 genera
511 1348 753 1426 procrearent
773 1334 946 1426 regiones
966 1349 1117 1428 septen-

29 1453 232 1546 trionales,
267 1471 305 1526 et
319 1456 437 1551 igitur
452 1457 604 1526 illarum
619 1480 698 1526 non
720 1455 793 1526 nisi
809 1477 945 1546 paucas
961 1481 1115 1550 recepe·

26 1589 135 1646 runt.
206 1577 376 1652 Vadlius
402 1577 557 1670 quidem
580 1577 620 1650 id
642 1578 830 1670 corrigere
869 1578 1032 1669 studuit,
1076 1595 1116 1650 et

26 1701 164 1792 plures
187 1697 324 1768 harum
337 1701 554 1790 plantarum
582 1699 624 1769 in
642 1700 715 1789 eis,
748 1723 841 1791 quos
862 1700 979 1769 edidit
994 1700 1116 1772 Fasci-

29 1821 132 1891 culis
150 1820 453 1912 repraesentavit,
483 1835 521 1889 et
535 1835 663 1912 postea
687 1821 726 1892 id
751 1822 793 1890 in
810 1820 982 1913 pluribus
1001 1823 1115 1894 etiam

27 1941 177 2012 factum
196 1957 272 2032 est,
302 1943 356 2012 ita
371 1956 416 2013 ut
430 1943 570 2037 singuli
586 1943 769 2013 Fasciculi
783 1943 944 2012 tricenas
958 1943 1115 2033 tabulas,

35 2087 122 2155 quae
144 2065 289 2155 plantas
317 2065 614 2158 cryptogamicas
640 2064 840 2154 exhibent,
886 2063 928 2133 in
955 2065 1115 2158 singulis

34 2184 144 2257 binas
164 2188 224 2255 vel
242 2199 367 2257 ternas
388 2191 556 2278 species,
577 2187 803 2257 contineant.
857 2186 1117 2258 Nihilominus

34 2317 167 2376 tamen
179 2306 428 2398 inposterum
443 2329 594 2379 necesse
605 2307 688 2396 erit,
710 2307 803 2377 adid
819 2308 920 2399 quod
936 2306 1118 2376 omissum

36 2440 97 2500 est
111 2429 453 2520 compensandum,
478 2442 522 2500 ut
540 2430 670 2521 plures
679 2418 808 2498 'etiam
824 2428 1065 2520 recipiantur.

170 2554 254 2623 Jam
272 2575 392 2643 quum
409 2550 668 2644 exposuerim,
702 2549 890 2640 quomodo
916 2562 1043 2620 ortum
1069 2547 1119 2618 sit

34 2683 77 2741 et
89 2675 319 2763 processerit
337 2696 444 2766 opus,
462 2673 601 2765 etquid
616 2673 696 2764 spei
711 2670 771 2760 sit,
789 2671 869 2747 fore
882 2685 927 2742 ut
939 2669 986 2740 ad
1001 2669 1119 2740 linem

33 2794 289 2886 perducatur3
313 2811 428 2871 restat
444 2810 489 2866 ut
503 2795 707 2897 dicendum
723 2794 903 2884 videatur,
914 2816 995 2885 quae
1007 2815 1121 2861 causa

32 2915 156 2986 fuerit
182 2940 287 2987 novoe
311 2919 426 3006 hujus
450 2919 743 2988 nomenclaturae
769 2915 938 3006 edendae,
971 2911 1121 3009 etquid

33 3038 76 3110 in
92 3061 137 3108 ea
154 3039 387 3111 conficienda
401 3054 551 3112 secutus
571 3039 654 3111 sim.

172 3161 292 3257 Multi
308 3160 487 3230 videlicet
499 3160 597 3230 mihi
615 3173 786 3230 auctores
803 3158 969 3247 fuerunt,
978 3168 1024 3225 ut
1039 3177 1125 3226 eam

36 3283 211 3373 ederem,
245 3296 284 3353 et
312 3283 394 3376 ipse
422 3281 612 3371 intellexi,
660 3305 774 3373 quam
812 3278 1124 3362 sit-necessaria3

36 3429 161 3499 quum
189 3403 290 3477 etin
312 3403 554 3474 nominandis
577 3403 715 3495 plantis
736 3404 920 3472 nonnulla
949 3401 991 3470 in
1015 3403 1126 3473 Flora

35 3527 188 3600 Danica
209 3537 366 3617 peccata
381 3525 472 3615 sint,
508 3539 546 3596 et
562 3547 632 3617 pro
653 3523 879 3593 accuratiori
894 3525 1124 3615 plantarum,
1222 3600 1230 3616 .

36 3672 123 3747 quae
138 3646 255 3720 hodie
274 3659 342 3739 est,
360 3639 607 3742 cognitione,
631 3647 753 3717 multa
765 3660 906 3743 genera
928 3643 1126 3717 dividenda
