<?xml version="1.0" encoding="UTF-8"?>
<!DOCTYPE html PUBLIC "-//W3C//DTD XHTML 1.0 Transitional//EN"
    "http://www.w3.org/TR/xhtml1/DTD/xhtml1-transitional.dtd">
<html xmlns="http://www.w3.org/1999/xhtml" xml:lang="en" lang="en">
 <head>
  <title>
</title>
<meta http-equiv="Content-Type" content="text/html;charset=utf-8" />
  <meta name='ocr-system' content='tesseract 3.04.00' />
  <meta name='ocr-capabilities' content='ocr_page ocr_carea ocr_par ocr_line ocrx_word'/>
</head>
<body>
  <div class='ocr_page' id='page_1' title='image "./nomenclaturaflo00horngoog_0029.png"; bbox 0 0 2520 4306; ppageno 0'>
   <div class='ocr_carea' id='block_1_1' title="bbox 138 120 829 222">
    <p class='ocr_par' dir='ltr' id='par_1_1' title="bbox 138 120 829 222">
     <span class='ocr_line' id='line_1_1' title="bbox 138 120 829 222; baseline -0.012 -21"><span class='ocrx_word' id='word_1_1' title='bbox 138 126 237 222; x_wconf 61' lang='lat' dir='ltr'>,rvr</span> <span class='ocrx_word' id='word_1_2' title='bbox 494 120 829 196; x_wconf 74' lang='lat' dir='ltr'>Paerrrro.</span> 
     </span>
    </p>
   </div>
   <div class='ocr_carea' id='block_1_2' title="bbox 135 324 1230 3721">
    <p class='ocr_par' dir='ltr' id='par_1_2' title="bbox 135 324 1230 3721">
     <span class='ocr_line' id='line_1_2' title="bbox 148 324 1226 433; baseline -0.003 -24"><span class='ocrx_word' id='word_1_3' title='bbox 148 335 270 433; x_wconf 84' lang='lat' dir='ltr'>gulos.</span> <span class='ocrx_word' id='word_1_4' title='bbox 323 333 397 408; x_wconf 89' lang='lat' dir='ltr'>Sed</span> <span class='ocrx_word' id='word_1_5' title='bbox 411 324 619 406; x_wconf 85' lang='lat' dir='ltr'>tenendum</span> <span class='ocrx_word' id='word_1_6' title='bbox 644 329 770 405; x_wconf 80' lang='lat' dir='ltr'>etiam.</span> <span class='ocrx_word' id='word_1_7' title='bbox 788 348 863 427; x_wconf 88' lang='lat' dir='ltr'>est,</span> <span class='ocrx_word' id='word_1_8' title='bbox 895 333 1096 426; x_wconf 83' lang='lat' dir='ltr'>Oederum,</span> <span class='ocrx_word' id='word_1_9' title='bbox 1123 349 1226 406; x_wconf 88' lang='lat' dir='ltr'>ante·</span> 
     </span>
     <span class='ocr_line' id='line_1_3' title="bbox 149 457 1226 553; baseline 0 -24"><span class='ocrx_word' id='word_1_10' title='bbox 149 483 264 552; x_wconf 88' lang='lat' dir='ltr'>quam</span> <span class='ocrx_word' id='word_1_11' title='bbox 290 458 458 550; x_wconf 88' lang='lat' dir='ltr'>primum</span> <span class='ocrx_word' id='word_1_12' title='bbox 482 457 721 527; x_wconf 86' lang='lat' dir='ltr'>Fasciculum</span> <span class='ocrx_word' id='word_1_13' title='bbox 747 458 897 547; x_wconf 86' lang='lat' dir='ltr'>ederet,</span> <span class='ocrx_word' id='word_1_14' title='bbox 928 480 1117 553; x_wconf 90' lang='lat' dir='ltr'>magnum</span> <span class='ocrx_word' id='word_1_15' title='bbox 1136 458 1226 529; x_wconf 85' lang='lat' dir='ltr'>deli·</span> 
     </span>
     <span class='ocr_line' id='line_1_4' title="bbox 146 578 1226 670; baseline -0.001 -20"><span class='ocrx_word' id='word_1_16' title='bbox 146 578 369 650; x_wconf 86' lang='lat' dir='ltr'>neationum</span> <span class='ocrx_word' id='word_1_17' title='bbox 379 580 671 670; x_wconf 87' lang='lat' dir='ltr'>tabularumque</span> <span class='ocrx_word' id='word_1_18' title='bbox 684 580 920 670; x_wconf 88' lang='lat' dir='ltr'>sculptarum</span> <span class='ocrx_word' id='word_1_19' title='bbox 931 604 1142 649; x_wconf 88' lang='lat' dir='ltr'>numerum</span> <span class='ocrx_word' id='word_1_20' title='bbox 1155 583 1226 650; x_wconf 88' lang='lat' dir='ltr'>col-</span> 
     </span>
     <span class='ocr_line' id='line_1_5' title="bbox 147 701 1227 796; baseline 0 -25"><span class='ocrx_word' id='word_1_21' title='bbox 147 701 304 796; x_wconf 78' lang='lat' dir='ltr'>legisse5</span> <span class='ocrx_word' id='word_1_22' title='bbox 334 702 520 774; x_wconf 78' lang='lat' dir='ltr'>Voblium</span> <span class='ocrx_word' id='word_1_23' title='bbox 537 715 667 771; x_wconf 87' lang='lat' dir='ltr'>contra</span> <span class='ocrx_word' id='word_1_24' title='bbox 688 716 863 771; x_wconf 88' lang='lat' dir='ltr'>coactum</span> <span class='ocrx_word' id='word_1_25' title='bbox 881 701 998 771; x_wconf 86' lang='lat' dir='ltr'>fuisse</span> <span class='ocrx_word' id='word_1_26' title='bbox 1018 705 1227 793; x_wconf 88' lang='lat' dir='ltr'>permultas</span> 
     </span>
     <span class='ocr_line' id='line_1_6' title="bbox 149 822 1226 915; baseline 0.003 -24"><span class='ocrx_word' id='word_1_27' title='bbox 149 822 437 912; x_wconf 87' lang='lat' dir='ltr'>delineationes,</span> <span class='ocrx_word' id='word_1_28' title='bbox 464 835 503 892; x_wconf 90' lang='lat' dir='ltr'>et</span> <span class='ocrx_word' id='word_1_29' title='bbox 520 823 686 913; x_wconf 85' lang='lat' dir='ltr'>tabulas,</span> <span class='ocrx_word' id='word_1_30' title='bbox 713 846 795 915; x_wconf 87' lang='lat' dir='ltr'>quae</span> <span class='ocrx_word' id='word_1_31' title='bbox 814 823 850 892; x_wconf 91' lang='lat' dir='ltr'>ei</span> <span class='ocrx_word' id='word_1_32' title='bbox 868 823 1126 915; x_wconf 82' lang='lat' dir='ltr'>tradebantur,</span> <span class='ocrx_word' id='word_1_33' title='bbox 1151 848 1226 894; x_wconf 89' lang='lat' dir='ltr'>non</span> 
     </span>
     <span class='ocr_line' id='line_1_7' title="bbox 147 944 1226 1038; baseline 0 -24"><span class='ocrx_word' id='word_1_34' title='bbox 147 967 283 1038; x_wconf 90' lang='lat' dir='ltr'>paucas</span> <span class='ocrx_word' id='word_1_35' title='bbox 307 944 487 1033; x_wconf 85' lang='lat' dir='ltr'>rejicere,</span> <span class='ocrx_word' id='word_1_36' title='bbox 519 945 582 1014; x_wconf 88' lang='lat' dir='ltr'>vel</span> <span class='ocrx_word' id='word_1_37' title='bbox 604 944 709 1036; x_wconf 90' lang='lat' dir='ltr'>quod</span> <span class='ocrx_word' id='word_1_38' title='bbox 733 946 871 1035; x_wconf 86' lang='lat' dir='ltr'>plantae</span> <span class='ocrx_word' id='word_1_39' title='bbox 894 966 1029 1035; x_wconf 89' lang='lat' dir='ltr'>parurn</span> <span class='ocrx_word' id='word_1_40' title='bbox 1051 959 1226 1016; x_wconf 88' lang='lat' dir='ltr'>accurate</span> 
     </span>
     <span class='ocr_line' id='line_1_8' title="bbox 146 1065 1225 1159; baseline 0.001 -22"><span class='ocrx_word' id='word_1_41' title='bbox 146 1079 421 1159; x_wconf 70' lang='lat' dir='ltr'>repraesentatae</span> <span class='ocrx_word' id='word_1_42' title='bbox 450 1078 594 1152; x_wconf 86' lang='lat' dir='ltr'>essent,</span> <span class='ocrx_word' id='word_1_43' title='bbox 625 1067 687 1136; x_wconf 89' lang='lat' dir='ltr'>vel</span> <span class='ocrx_word' id='word_1_44' title='bbox 710 1067 810 1159; x_wconf 92' lang='lat' dir='ltr'>quod</span> <span class='ocrx_word' id='word_1_45' title='bbox 832 1065 993 1137; x_wconf 89' lang='lat' dir='ltr'>dubium</span> <span class='ocrx_word' id='word_1_46' title='bbox 1011 1081 1129 1158; x_wconf 80' lang='lat' dir='ltr'>esset,</span> <span class='ocrx_word' id='word_1_47' title='bbox 1163 1092 1225 1138; x_wconf 91' lang='lat' dir='ltr'>na-</span> 
     </span>
     <span class='ocr_line' id='line_1_9' title="bbox 147 1186 1225 1282; baseline 0.001 -23"><span class='ocrx_word' id='word_1_48' title='bbox 147 1203 390 1259; x_wconf 89' lang='lat' dir='ltr'>scerenturne</span> <span class='ocrx_word' id='word_1_49' title='bbox 403 1186 588 1277; x_wconf 91' lang='lat' dir='ltr'>inDania,</span> <span class='ocrx_word' id='word_1_50' title='bbox 609 1210 657 1258; x_wconf 86' lang='lat' dir='ltr'>an</span> <span class='ocrx_word' id='word_1_51' title='bbox 680 1211 726 1257; x_wconf 85' lang='lat' dir='ltr'>ex</span> <span class='ocrx_word' id='word_1_52' title='bbox 750 1189 832 1257; x_wconf 86' lang='lat' dir='ltr'>aliis</span> <span class='ocrx_word' id='word_1_53' title='bbox 852 1188 1070 1282; x_wconf 83' lang='lat' dir='ltr'>regionibus</span> <span class='ocrx_word' id='word_1_54' title='bbox 1088 1191 1134 1260; x_wconf 93' lang='lat' dir='ltr'>ab</span> <span class='ocrx_word' id='word_1_55' title='bbox 1157 1190 1225 1260; x_wconf 89' lang='lat' dir='ltr'>ini·</span> 
     </span>
     <span class='ocr_line' id='line_1_10' title="bbox 141 1310 1224 1403; baseline 0.003 -24"><span class='ocrx_word' id='word_1_56' title='bbox 141 1313 201 1383; x_wconf 88' lang='lat' dir='ltr'>tio</span> <span class='ocrx_word' id='word_1_57' title='bbox 223 1311 384 1381; x_wconf 86' lang='lat' dir='ltr'>fuissent</span> <span class='ocrx_word' id='word_1_58' title='bbox 405 1322 619 1399; x_wconf 73' lang='lat' dir='ltr'>apportata.</span> <span class='ocrx_word' id='word_1_59' title='bbox 685 1311 872 1381; x_wconf 86' lang='lat' dir='ltr'>Praeterea</span> <span class='ocrx_word' id='word_1_60' title='bbox 894 1310 976 1403; x_wconf 92' lang='lat' dir='ltr'>ipsa</span> <span class='ocrx_word' id='word_1_61' title='bbox 1009 1311 1065 1382; x_wconf 90' lang='lat' dir='ltr'>rei</span> <span class='ocrx_word' id='word_1_62' title='bbox 1089 1326 1224 1382; x_wconf 83' lang='lat' dir='ltr'>natura</span> 
     </span>
     <span class='ocr_line' id='line_1_11' title="bbox 146 1429 1221 1524; baseline 0.003 -22"><span class='ocrx_word' id='word_1_63' title='bbox 146 1432 240 1522; x_wconf 87' lang='lat' dir='ltr'>fert,</span> <span class='ocrx_word' id='word_1_64' title='bbox 287 1445 334 1499; x_wconf 91' lang='lat' dir='ltr'>ut</span> <span class='ocrx_word' id='word_1_65' title='bbox 363 1429 548 1517; x_wconf 88' lang='lat' dir='ltr'>ejusmodi</span> <span class='ocrx_word' id='word_1_66' title='bbox 578 1453 672 1522; x_wconf 88' lang='lat' dir='ltr'>opus</span> <span class='ocrx_word' id='word_1_67' title='bbox 705 1431 817 1503; x_wconf 88' lang='lat' dir='ltr'>initio</span> <span class='ocrx_word' id='word_1_68' title='bbox 841 1432 1001 1503; x_wconf 89' lang='lat' dir='ltr'>celerius</span> <span class='ocrx_word' id='word_1_69' title='bbox 1028 1434 1221 1524; x_wconf 86' lang='lat' dir='ltr'>procedat.</span> 
     </span>
     <span class='ocr_line' id='line_1_12' title="bbox 146 1553 1223 1648; baseline 0.002 -25"><span class='ocrx_word' id='word_1_70' title='bbox 146 1560 249 1629; x_wconf 90' lang='lat' dir='ltr'>Tum</span> <span class='ocrx_word' id='word_1_71' title='bbox 267 1553 370 1623; x_wconf 90' lang='lat' dir='ltr'>enim</span> <span class='ocrx_word' id='word_1_72' title='bbox 393 1575 643 1645; x_wconf 84' lang='lat' dir='ltr'>quaecumque</span> <span class='ocrx_word' id='word_1_73' title='bbox 668 1570 818 1648; x_wconf 88' lang='lat' dir='ltr'>reperta</span> <span class='ocrx_word' id='word_1_74' title='bbox 833 1553 988 1644; x_wconf 71' lang='lat' dir='ltr'>fuerint,</span> <span class='ocrx_word' id='word_1_75' title='bbox 1004 1578 1102 1625; x_wconf 89' lang='lat' dir='ltr'>nova</span> <span class='ocrx_word' id='word_1_76' title='bbox 1117 1571 1223 1641; x_wconf 75' lang='lat' dir='ltr'>sunt5</span> 
     </span>
     <span class='ocr_line' id='line_1_13' title="bbox 147 1675 1224 1770; baseline 0.002 -24"><span class='ocrx_word' id='word_1_77' title='bbox 147 1699 267 1770; x_wconf 88' lang='lat' dir='ltr'>quum</span> <span class='ocrx_word' id='word_1_78' title='bbox 292 1675 439 1750; x_wconf 83' lang='lat' dir='ltr'>Vablio</span> <span class='ocrx_word' id='word_1_79' title='bbox 468 1688 598 1744; x_wconf 86' lang='lat' dir='ltr'>contra</span> <span class='ocrx_word' id='word_1_80' title='bbox 618 1675 684 1746; x_wconf 90' lang='lat' dir='ltr'>diu</span> <span class='ocrx_word' id='word_1_81' title='bbox 708 1679 952 1768; x_wconf 82' lang='lat' dir='ltr'>multumque</span> <span class='ocrx_word' id='word_1_82' title='bbox 977 1678 1224 1768; x_wconf 91' lang='lat' dir='ltr'>quaerendum</span> 
     </span>
     <span class='ocr_line' id='line_1_14' title="bbox 146 1795 1230 1892; baseline 0 -24"><span class='ocrx_word' id='word_1_83' title='bbox 146 1810 266 1887; x_wconf 89' lang='lat' dir='ltr'>esset,</span> <span class='ocrx_word' id='word_1_84' title='bbox 305 1809 526 1887; x_wconf 87' lang='lat' dir='ltr'>antequam,</span> <span class='ocrx_word' id='word_1_85' title='bbox 565 1795 668 1866; x_wconf 87' lang='lat' dir='ltr'>inter</span> <span class='ocrx_word' id='word_1_86' title='bbox 693 1799 851 1869; x_wconf 80' lang='lat' dir='ltr'>rariores</span> <span class='ocrx_word' id='word_1_87' title='bbox 880 1798 1035 1891; x_wconf 90' lang='lat' dir='ltr'>quidem</span> <span class='ocrx_word' id='word_1_88' title='bbox 1059 1801 1230 1892; x_wconf 75' lang='lat' dir='ltr'>plantas,</span> 
     </span>
     <span class='ocr_line' id='line_1_15' title="bbox 147 1917 1223 2015; baseline -0.001 -24"><span class='ocrx_word' id='word_1_89' title='bbox 147 1945 230 2015; x_wconf 82' lang='lat' dir='ltr'>quae</span> <span class='ocrx_word' id='word_1_90' title='bbox 245 1917 436 2012; x_wconf 89' lang='lat' dir='ltr'>praecipue</span> <span class='ocrx_word' id='word_1_91' title='bbox 450 1917 491 1987; x_wconf 91' lang='lat' dir='ltr'>in</span> <span class='ocrx_word' id='word_1_92' title='bbox 508 1917 712 1991; x_wconf 86' lang='lat' dir='ltr'>itineribus</span> <span class='ocrx_word' id='word_1_93' title='bbox 728 1921 1016 2014; x_wconf 85' lang='lat' dir='ltr'>conquiruntur,</span> <span class='ocrx_word' id='word_1_94' title='bbox 1049 1921 1223 2012; x_wconf 87' lang='lat' dir='ltr'>quaedam</span> 
     </span>
     <span class='ocr_line' id='line_1_16' title="bbox 144 2041 1224 2136; baseline -0.001 -21"><span class='ocrx_word' id='word_1_95' title='bbox 144 2042 426 2136; x_wconf 86' lang='lat' dir='ltr'>reperirentur,</span> <span class='ocrx_word' id='word_1_96' title='bbox 453 2063 535 2131; x_wconf 85' lang='lat' dir='ltr'>quae</span> <span class='ocrx_word' id='word_1_97' title='bbox 550 2041 721 2110; x_wconf 90' lang='lat' dir='ltr'>nondum</span> <span class='ocrx_word' id='word_1_98' title='bbox 735 2044 776 2113; x_wconf 91' lang='lat' dir='ltr'>in</span> <span class='ocrx_word' id='word_1_99' title='bbox 801 2045 951 2114; x_wconf 90' lang='lat' dir='ltr'>Floram</span> <span class='ocrx_word' id='word_1_100' title='bbox 963 2043 1150 2114; x_wconf 87' lang='lat' dir='ltr'>Danicam</span> <span class='ocrx_word' id='word_1_101' title='bbox 1166 2067 1224 2114; x_wconf 83' lang='lat' dir='ltr'>re-</span> 
     </span>
     <span class='ocr_line' id='line_1_17' title="bbox 145 2162 1222 2258; baseline -0.002 -20"><span class='ocrx_word' id='word_1_102' title='bbox 145 2179 262 2258; x_wconf 86' lang='lat' dir='ltr'>ceptae</span> <span class='ocrx_word' id='word_1_103' title='bbox 280 2180 414 2235; x_wconf 87' lang='lat' dir='ltr'>essent.</span> <span class='ocrx_word' id='word_1_104' title='bbox 441 2162 541 2234; x_wconf 87' lang='lat' dir='ltr'>Fieri</span> <span class='ocrx_word' id='word_1_105' title='bbox 554 2162 673 2256; x_wconf 86' lang='lat' dir='ltr'>igitur</span> <span class='ocrx_word' id='word_1_106' title='bbox 687 2188 765 2235; x_wconf 90' lang='lat' dir='ltr'>non</span> <span class='ocrx_word' id='word_1_107' title='bbox 784 2165 931 2258; x_wconf 87' lang='lat' dir='ltr'>potuit,</span> <span class='ocrx_word' id='word_1_108' title='bbox 965 2166 1060 2256; x_wconf 90' lang='lat' dir='ltr'>quin</span> <span class='ocrx_word' id='word_1_109' title='bbox 1075 2165 1118 2236; x_wconf 91' lang='lat' dir='ltr'>in</span> <span class='ocrx_word' id='word_1_110' title='bbox 1135 2188 1222 2236; x_wconf 89' lang='lat' dir='ltr'>con·</span> 
     </span>
     <span class='ocr_line' id='line_1_18' title="bbox 145 2283 1220 2382; baseline -0.004 -25"><span class='ocrx_word' id='word_1_111' title='bbox 145 2285 338 2382; x_wconf 85' lang='lat' dir='ltr'>quirendis</span> <span class='ocrx_word' id='word_1_112' title='bbox 374 2283 513 2375; x_wconf 86' lang='lat' dir='ltr'>plantis</span> <span class='ocrx_word' id='word_1_113' title='bbox 546 2289 713 2357; x_wconf 89' lang='lat' dir='ltr'>multum</span> <span class='ocrx_word' id='word_1_114' title='bbox 752 2288 936 2380; x_wconf 89' lang='lat' dir='ltr'>temporis</span> <span class='ocrx_word' id='word_1_115' title='bbox 977 2305 1220 2354; x_wconf 89' lang='lat' dir='ltr'>consumere·</span> 
     </span>
     <span class='ocr_line' id='line_1_19' title="bbox 141 2402 1219 2500; baseline -0.006 -20"><span class='ocrx_word' id='word_1_116' title='bbox 141 2424 225 2496; x_wconf 80' lang='lat' dir='ltr'>tur5</span> <span class='ocrx_word' id='word_1_117' title='bbox 251 2407 359 2495; x_wconf 86' lang='lat' dir='ltr'>cujus</span> <span class='ocrx_word' id='word_1_118' title='bbox 382 2406 666 2498; x_wconf 90' lang='lat' dir='ltr'>conquisitionis</span> <span class='ocrx_word' id='word_1_119' title='bbox 687 2432 806 2500; x_wconf 90' lang='lat' dir='ltr'>quum</span> <span class='ocrx_word' id='word_1_120' title='bbox 830 2410 872 2481; x_wconf 91' lang='lat' dir='ltr'>in</span> <span class='ocrx_word' id='word_1_121' title='bbox 890 2405 1130 2479; x_wconf 86' lang='lat' dir='ltr'>Finmarchia</span> <span class='ocrx_word' id='word_1_122' title='bbox 1149 2402 1219 2474; x_wconf 91' lang='lat' dir='ltr'>ini·</span> 
     </span>
     <span class='ocr_line' id='line_1_20' title="bbox 141 2526 1219 2625; baseline -0.005 -25"><span class='ocrx_word' id='word_1_123' title='bbox 141 2533 235 2602; x_wconf 87' lang='lat' dir='ltr'>tiam</span> <span class='ocrx_word' id='word_1_124' title='bbox 250 2531 381 2619; x_wconf 88' lang='lat' dir='ltr'>fieret,</span> <span class='ocrx_word' id='word_1_125' title='bbox 416 2530 457 2599; x_wconf 90' lang='lat' dir='ltr'>in</span> <span class='ocrx_word' id='word_1_126' title='bbox 482 2543 587 2599; x_wconf 86' lang='lat' dir='ltr'>tanta</span> <span class='ocrx_word' id='word_1_127' title='bbox 615 2530 729 2616; x_wconf 89' lang='lat' dir='ltr'>hujus</span> <span class='ocrx_word' id='word_1_128' title='bbox 752 2531 917 2625; x_wconf 82' lang='lat' dir='ltr'>regionis</span> <span class='ocrx_word' id='word_1_129' title='bbox 942 2526 1219 2622; x_wconf 83' lang='lat' dir='ltr'>longinquitate</span> 
     </span>
     <span class='ocr_line' id='line_1_21' title="bbox 141 2648 1218 2748; baseline -0.008 -22"><span class='ocrx_word' id='word_1_130' title='bbox 141 2674 295 2743; x_wconf 83' lang='lat' dir='ltr'>necesse</span> <span class='ocrx_word' id='word_1_131' title='bbox 320 2667 400 2723; x_wconf 88' lang='lat' dir='ltr'>erat</span> <span class='ocrx_word' id='word_1_132' title='bbox 422 2653 542 2748; x_wconf 87' lang='lat' dir='ltr'>magis</span> <span class='ocrx_word' id='word_1_133' title='bbox 574 2650 688 2721; x_wconf 89' lang='lat' dir='ltr'>etiam</span> <span class='ocrx_word' id='word_1_134' title='bbox 717 2653 971 2722; x_wconf 84' lang='lat' dir='ltr'>retardaretur</span> <span class='ocrx_word' id='word_1_135' title='bbox 993 2672 1097 2742; x_wconf 92' lang='lat' dir='ltr'>opus.</span> <span class='ocrx_word' id='word_1_136' title='bbox 1154 2648 1218 2721; x_wconf 92' lang='lat' dir='ltr'>Ni-</span> 
     </span>
     <span class='ocr_line' id='line_1_22' title="bbox 139 2769 1215 2864; baseline -0.005 -19"><span class='ocrx_word' id='word_1_137' title='bbox 139 2775 222 2846; x_wconf 90' lang='lat' dir='ltr'>hilo</span> <span class='ocrx_word' id='word_1_138' title='bbox 240 2771 367 2856; x_wconf 88' lang='lat' dir='ltr'>minus</span> <span class='ocrx_word' id='word_1_139' title='bbox 382 2790 511 2844; x_wconf 90' lang='lat' dir='ltr'>tamen</span> <span class='ocrx_word' id='word_1_140' title='bbox 531 2773 763 2844; x_wconf 90' lang='lat' dir='ltr'>hauddubie</span> <span class='ocrx_word' id='word_1_141' title='bbox 781 2775 941 2846; x_wconf 90' lang='lat' dir='ltr'>celerius</span> <span class='ocrx_word' id='word_1_142' title='bbox 961 2769 1215 2864; x_wconf 88' lang='lat' dir='ltr'>processisset,</span> 
     </span>
     <span class='ocr_line' id='line_1_23' title="bbox 141 2893 1216 2990; baseline -0.007 -22"><span class='ocrx_word' id='word_1_143' title='bbox 141 2895 218 2968; x_wconf 90' lang='lat' dir='ltr'>nisi</span> <span class='ocrx_word' id='word_1_144' title='bbox 233 2899 275 2970; x_wconf 83' lang='lat' dir='ltr'><em>V</em></span> <span class='ocrx_word' id='word_1_145' title='bbox 271 2896 404 2967; x_wconf 75' lang='lat' dir='ltr'>oblias</span> <span class='ocrx_word' id='word_1_146' title='bbox 418 2909 587 2967; x_wconf 87' lang='lat' dir='ltr'>extrema</span> <span class='ocrx_word' id='word_1_147' title='bbox 602 2909 726 2986; x_wconf 88' lang='lat' dir='ltr'>aetate,</span> <span class='ocrx_word' id='word_1_148' title='bbox 748 2909 850 2986; x_wconf 84' lang='lat' dir='ltr'>turn,</span> <span class='ocrx_word' id='word_1_149' title='bbox 888 2918 1009 2990; x_wconf 91' lang='lat' dir='ltr'>quum</span> <span class='ocrx_word' id='word_1_150' title='bbox 1023 2893 1216 2985; x_wconf 88' lang='lat' dir='ltr'>praecipue</span> 
     </span>
     <span class='ocr_line' id='line_1_24' title="bbox 137 3014 1214 3110; baseline -0.005 -21"><span class='ocrx_word' id='word_1_151' title='bbox 137 3017 396 3090; x_wconf 91' lang='lat' dir='ltr'>retardabatur</span> <span class='ocrx_word' id='word_1_152' title='bbox 413 3041 526 3110; x_wconf 89' lang='lat' dir='ltr'>opus,</span> <span class='ocrx_word' id='word_1_153' title='bbox 558 3017 599 3090; x_wconf 90' lang='lat' dir='ltr'>in</span> <span class='ocrx_word' id='word_1_154' title='bbox 616 3018 699 3093; x_wconf 91' lang='lat' dir='ltr'>aliis</span> <span class='ocrx_word' id='word_1_155' title='bbox 713 3019 1046 3108; x_wconf 85' lang='lat' dir='ltr'>rebusoccupatus</span> <span class='ocrx_word' id='word_1_156' title='bbox 1070 3014 1214 3103; x_wconf 79' lang='lat' dir='ltr'>fuisset,</span> 
     </span>
     <span class='ocr_line' id='line_1_25' title="bbox 136 3134 1216 3233; baseline -0.006 -23"><span class='ocrx_word' id='word_1_157' title='bbox 136 3140 180 3211; x_wconf 91' lang='lat' dir='ltr'>in</span> <span class='ocrx_word' id='word_1_158' title='bbox 194 3140 326 3232; x_wconf 90' lang='lat' dir='ltr'>primis</span> <span class='ocrx_word' id='word_1_159' title='bbox 338 3139 381 3210; x_wconf 89' lang='lat' dir='ltr'>in</span> <span class='ocrx_word' id='word_1_160' title='bbox 396 3139 540 3210; x_wconf 89' lang='lat' dir='ltr'>edendo</span> <span class='ocrx_word' id='word_1_161' title='bbox 559 3163 694 3232; x_wconf 85' lang='lat' dir='ltr'>ope-re,</span> <span class='ocrx_word' id='word_1_162' title='bbox 720 3141 821 3233; x_wconf 87' lang='lat' dir='ltr'>quod</span> <span class='ocrx_word' id='word_1_163' title='bbox 837 3139 1052 3209; x_wconf 89' lang='lat' dir='ltr'>universam</span> <span class='ocrx_word' id='word_1_164' title='bbox 1065 3134 1216 3207; x_wconf 88' lang='lat' dir='ltr'>Botani·</span> 
     </span>
     <span class='ocr_line' id='line_1_26' title="bbox 138 3257 1216 3357; baseline -0.005 -26"><span class='ocrx_word' id='word_1_165' title='bbox 138 3286 208 3332; x_wconf 92' lang='lat' dir='ltr'>cen</span> <span class='ocrx_word' id='word_1_166' title='bbox 235 3263 358 3331; x_wconf 86' lang='lat' dir='ltr'>multo</span> <span class='ocrx_word' id='word_1_167' title='bbox 379 3262 556 3354; x_wconf 88' lang='lat' dir='ltr'>proprius</span> <span class='ocrx_word' id='word_1_168' title='bbox 587 3263 761 3357; x_wconf 86' lang='lat' dir='ltr'>attingit,</span> <span class='ocrx_word' id='word_1_169' title='bbox 794 3262 896 3332; x_wconf 89' lang='lat' dir='ltr'>etin</span> <span class='ocrx_word' id='word_1_170' title='bbox 924 3260 1026 3353; x_wconf 93' lang='lat' dir='ltr'>quod</span> <span class='ocrx_word' id='word_1_171' title='bbox 1045 3259 1112 3350; x_wconf 91' lang='lat' dir='ltr'>qui</span> <span class='ocrx_word' id='word_1_172' title='bbox 1127 3257 1216 3328; x_wconf 84' lang='lat' dir='ltr'>faci·</span> 
     </span>
     <span class='ocr_line' id='line_1_27' title="bbox 138 3368 1216 3481; baseline -0.004 -28"><span class='ocrx_word' id='word_1_173' title='bbox 138 3382 226 3453; x_wconf 91' lang='lat' dir='ltr'>endi</span> <span class='ocrx_word' id='word_1_174' title='bbox 249 3397 354 3453; x_wconf 89' lang='lat' dir='ltr'>erant</span> <span class='ocrx_word' id='word_1_175' title='bbox 373 3368 538 3474; x_wconf 80' lang='lat' dir='ltr'>sumtus,</span> <span class='ocrx_word' id='word_1_176' title='bbox 576 3391 721 3481; x_wconf 88' lang='lat' dir='ltr'>aRege</span> <span class='ocrx_word' id='word_1_177' title='bbox 746 3382 1012 3454; x_wconf 87' lang='lat' dir='ltr'>liberalissimo</span> <span class='ocrx_word' id='word_1_178' title='bbox 1036 3402 1216 3472; x_wconf 90' lang='lat' dir='ltr'>procura-</span> 
     </span>
     <span class='ocr_line' id='line_1_28' title="bbox 135 3504 1215 3602; baseline -0.006 -26"><span class='ocrx_word' id='word_1_179' title='bbox 135 3507 293 3594; x_wconf 87' lang='lat' dir='ltr'>bantur,</span> <span class='ocrx_word' id='word_1_180' title='bbox 343 3507 681 3580; x_wconf 81' lang='lat' dir='ltr'>Errumerotionem</span> <span class='ocrx_word' id='word_1_181' title='bbox 702 3509 937 3602; x_wconf 82' lang='lat' dir='ltr'>plantarum</span> <span class='ocrx_word' id='word_1_182' title='bbox 967 3504 1068 3594; x_wconf 89' lang='lat' dir='ltr'>dico,</span> <span class='ocrx_word' id='word_1_183' title='bbox 1101 3523 1215 3595; x_wconf 89' lang='lat' dir='ltr'>quem</span> 
     </span>
     <span class='ocr_line' id='line_1_29' title="bbox 136 3624 1217 3721; baseline -0.004 -21"><span class='ocrx_word' id='word_1_184' title='bbox 136 3629 257 3700; x_wconf 86' lang='lat' dir='ltr'>veluti</span> <span class='ocrx_word' id='word_1_185' title='bbox 273 3628 444 3702; x_wconf 83' lang='lat' dir='ltr'>fructum</span> <span class='ocrx_word' id='word_1_186' title='bbox 461 3629 764 3703; x_wconf 87' lang='lat' dir='ltr'>maturissimum</span> <span class='ocrx_word' id='word_1_187' title='bbox 784 3627 876 3699; x_wconf 87' lang='lat' dir='ltr'>tulit</span> <span class='ocrx_word' id='word_1_188' title='bbox 898 3649 1001 3720; x_wconf 87' lang='lat' dir='ltr'>rara,</span> <span class='ocrx_word' id='word_1_189' title='bbox 1035 3648 1111 3721; x_wconf 88' lang='lat' dir='ltr'>qua</span> <span class='ocrx_word' id='word_1_190' title='bbox 1134 3624 1217 3721; x_wconf 90' lang='lat' dir='ltr'>pol·</span> 
     </span>
    </p>
   </div>
   <div class='ocr_carea' id='block_1_3' title="bbox 0 0 1264 4306">
    <p class='ocr_par' dir='ltr' id='par_1_3' title="bbox 0 0 1264 4306">
     <span class='ocr_line' id='line_1_30' title="bbox 0 0 1264 4306; baseline 0 3"><span class='ocrx_word' id='word_1_191' title='bbox 0 0 1264 4306; x_wconf 95' lang='lat' dir='ltr'> </span> 
     </span>
    </p>
   </div>
  </div>
 </body>
</html>
