2520 4306
448 167 782 243 PRAEFA'I'IO.
967 188 969 192 “
1044 172 1135 245 XIII

56 405 168 476 paene
193 370 290 451 alter
314 379 520 471 Linnoeus,
555 403 639 474 quae
658 379 736 452 huc
756 403 876 473 usque
900 393 1051 476 reperta
1080 404 1139 454 esa

56 521 162 594 sent,
187 503 352 573 novisset
373 504 516 589 omnia3
545 480 663 595 quum
687 505 849 597 denique
863 530 933 577 nec
947 505 1066 576 oculis
1088 504 1136 576 ad

57 651 157 697 nova
177 625 386 718 detegenda
409 624 602 694 acerrimis
619 625 818 696 destitutus
835 644 948 697 esset:
976 652 1056 699 non
1069 650 1137 720 po-

57 751 138 819 tuit
164 773 244 818 non
267 744 492 817 discedentis
523 749 687 817 Molleri
715 750 866 818 muneri
891 750 1065 821 obeundo
1095 773 1136 819 se

57 893 193 963 parem
208 869 367 953 sentire3
393 867 459 936 sed
486 867 533 936 ad
563 868 846 939 difficultatibus
875 870 1136 961 resistendum,

59 1007 99 1060 et
118 990 166 1059 ad
176 988 359 1059 invidiam
377 989 706 1059 contemmendam
735 989 890 1081 fortior,
922 1016 1036 1083 quam
1052 1015 1139 1062 cau·

58 1114 137 1182 tior
154 1111 200 1181 ad
222 1109 453 1202 evitandam,
479 1133 590 1179 verus
614 1111 786 1202 fidusque
804 1115 960 1184 Lirmoei
975 1113 1139 1204 discipu·

59 1239 121 1305 lus
135 1229 263 1327 graves¹
291 1232 448 1301 offendit
469 1232 709 1303 adversarios.
768 1235 841 1304 Sed
865 1234 1021 1305 tandem
1041 1233 1139 1303 veri·

62 1356 134 1424 tati
148 1355 257 1423 cessit
276 1354 520 1443 obtrectatio,
549 1368 587 1423 et
600 1356 680 1441 jam
704 1342 846 1447 sperari
860 1370 1029 1451 poterat,
1054 1358 1082 1427 F
1084 1357 1139 1425 lo-

60 1501 145 1548 ram
164 1475 367 1565 Danicam,
391 1475 431 1544 id
446 1476 546 1567 quod
563 1491 601 1546 et
617 1491 728 1547 antea
745 1477 889 1568 fuerat,
916 1492 955 1547 et
979 1501 1058 1548 esse
1076 1478 1139 1548 de·

59 1601 194 1688 bebat,
220 1598 344 1667 denuo
362 1597 467 1667 hisce
485 1597 621 1668 nostris
639 1599 777 1683 litteris
796 1603 1072 1690 emolument0,
1101 1613 1140 1670 et

60 1720 196 1816 patriae
212 1720 341 1789 decori
360 1733 475 1812 atque
494 1733 717 1789 ornamento
736 1745 813 1792 esse
825 1723 1005 1792 futuram.
1057 1728 1140 1794 Iam

63 1868 186 1937 quum
201 1855 310 1911 antea
330 1843 497 1910 multum
514 1843 638 1934 operis
658 1843 849 1935 splendori
868 1867 911 1912 eo
928 1845 1140 1915 detractum

63 1981 181 2056 esset,
221 1963 322 2055 quod
348 1965 508 2055 plantae,
542 1989 625 2056 quae
644 1966 800 2059 quidem
824 1966 954 2055 paullo
976 1966 1142 2054 majores

66 2103 192 2175 erant,
218 2085 383 2155 minores
409 2110 524 2176 quam
551 2110 619 2179 pro
646 2102 792 2175 naturae
816 2085 974 2158 veritate
1001 2111 1141 2181 reprae-

67 2209 332 2296 sentabantur,
363 2207 404 2276 id
425 2208 644 2280 institutum
666 2211 706 2280 in
733 2223 927 2301 posterum
945 2207 1142 2303 ⁴abolitum

70 2345 147 2416 est,
171 2354 253 2422 quae
267 2341 393 2421 partes
410 2330 452 2399 in
467 2331 687 2420 definiendis
702 2331 842 2422 plantis
856 2329 1038 2421 praesipui
1052 2339 1143 2397 sunt

66 2451 281 2540 momenti,
309 2466 347 2521 et
362 2476 445 2543 quae
464 2455 509 2523 ab
537 2458 680 2524 Oedero
701 2468 740 2523 et
758 2453 929 2523 Miillero
958 2473 1036 2519 non
1055 2470 1141 2518 raro

63 2577 251 2669 neglectae
274 2574 445 2665 fuerant,
473 2599 525 2644 eae
545 2575 641 2664 jam,
666 2575 708 2643 in
727 2571 1019 2668 plranerogamis
1037 2584 1143 2640 certe

64 2697 227 2790 plantis,
271 2697 499 2788 peritissime
525 2697 674 2792 generis
699 2712 737 2767 et
758 2696 899 2788 speciei
925 2693 1053 2764 habita
1085 2715 1144 2762 ra·

58 2822 184 2907 tione,
218 2818 525 2905 delineabantur3
574 2843 664 2910 nec,
701 2844 820 2910 quum
850 2820 957 2887 nulla
989 2814 1145 2895 omnino

65 2943 286 3034 plantarum
312 2940 457 3009 familia
482 2943 629 3016 Vablio
659 2956 756 3012 esset
783 2941 933 3034 ignota,
958 2939 1038 3006 ulla
1054 2956 1147 3028 neg-

67 3065 170 3134 lecta
193 3075 271 3150 est,
306 3076 344 3132 et
369 3064 400 3132 si
427 3065 522 3133 solas
537 3062 695 3133 fortasse
717 3061 919 3132 Conservas
943 3057 1148 3148 exceperis,

69 3205 205 3253 omnes
223 3184 377 3276 plantae,
405 3208 496 3277 quas
514 3185 669 3277 quidem
690 3185 821 3258 Daniae
838 3180 963 3273 campi
983 3193 1022 3250 et
1041 3203 1150 3249 mon-

67 3320 127 3376 tes
144 3306 340 3399 Norvegiae
361 3309 629 3398 procreabant,
653 3307 830 3400 inopus,
869 3303 970 3397 quod
986 3303 1033 3372 iis
1058 3301 1152 3372 deli-

69 3427 227 3499 neandis
242 3426 424 3498 inservire
441 3430 622 3521 debebat,
648 3432 754 3500 nullo
783 3428 1000 3499 discrimine
1017 3424 1151 3495 admit-

68 3552 282 3629 tebantur„
305 3553 394 3625 ,Iam
418 3552 555 3642 plantae
578 3551 743 3621 naturali
757 3551 892 3622 habitu
908 3560 1153 3642 repraesenta-

69 3674 230 3756 bantur3
256 3670 299 3740 in
314 3677 600 3745 nomenclatura
617 3671 849 3746 conficienda
875 3688 913 3744 et
927 3674 969 3744 in
994 3670 1154 3742 afferen-
