2520 4306
92 122 166 195 XII
242 178 247 189 .
442 120 778 201 PRAEFATIO.

94 330 299 411 Botanicen
314 330 459 402 fructus
478 330 720 422 redundabat,
746 357 866 425 quum
882 331 1096 424 Miillerus,
1117 335 1181 429 qui

93 459 314 548 frequenter
330 453 371 524 in
388 453 605 548 regionibus
629 454 829 524 maritimis
853 458 1178 548 commorabatur,

95 580 281 651 mollusca
297 577 459 667 aliquot,
495 600 577 669 quae
598 592 730 670 postea
759 577 801 646 in
821 578 1045 671 Zoologiam
1060 581 1179 651 Dani·

98 723 182 770 cam
209 710 490 789 receptarunt,
524 699 747 769 delineanda
770 713 940 786 curaret3
976 713 1015 769 et
1045 725 1179 792 quam·

98 843 214 915 quam
236 843 282 890 ex
300 819 458 912 plantis,
497 843 579 912 quae
602 818 673 912 pro
694 820 800 892 novis
825 821 1056 912 edebantur,
1082 847 1178 892 non·

96 944 212 1015 nullae
238 966 279 1012 re
300 964 388 1012 vera
407 964 514 1012 novae
548 964 627 1011 non
654 957 779 1034 erant,
819 967 874 1013 ex.
906 964 961 1037 gr.
986 943 1177 1039 Erigeron

98 1064 367 1155 drbbakiensis,
407 1064 474 1156 qui
493 1060 555 1132 vix
575 1062 649 1132 levi
665 1065 846 1135 varietate
863 1064 1076 1159 abErigero
1095 1070 1176 1139 vul·

97 1186 180 1282 gari
200 1186 350 1256 differre
371 1183 541 1270 videtur3
580 1198 710 1256 tamen
737 1186 779 1256 in
798 1186 997 1265 Fasciculis
1029 1189 1176 1260 Miille-

98 1305 225 1380 rionis
248 1308 440 1380 nonnullae
463 1306 705 1398 reperiuntur
723 1310 878 1400 plantae,
914 1332 997 1401 quae
1023 1311 1176 1382 Botani·

99 1452 233 1503 corum
252 1429 374 1498 studia
401 1429 566 1498 excitare
592 1444 630 1499 et
647 1431 797 1500 allicere
817 1431 970 1523 possint.

230 1553 313 1621 Jam
330 1549 361 1620 si
377 1552 405 1622 F
407 1550 589 1621 asciculos
610 1575 632 1620 a
652 1552 822 1623 Miillero
838 1553 958 1624 editos
973 1577 1062 1624 cum
1075 1555 1176 1648 prio·

97 1672 201 1746 ribus
222 1673 448 1742 Oederionis
462 1674 824 1764 comparaverimus,
849 1675 1040 1765 simulque
1063 1701 1176 1770 repu-

97 1792 326 1884 taverimus,
354 1793 446 1885 quid
468 1817 490 1863 a
512 1794 614 1884 viro,
639 1796 701 1864 cui
716 1798 797 1866 Rex
814 1797 1028 1866 litterarum
1047 1823 1176 1870 aman-

96 1916 265 1987 tissimus
281 1914 543 1986 liberalissime
570 1939 701 1986 omnes
726 1919 985 2010 suppeditaret
1010 1933 1173 2010 sumtus,

95 2040 181 2131 jure
210 2039 393 2130 postulari
416 2059 526 2128 posse
554 2038 743 2124 videatur3
790 2039 921 2134 negari
943 2038 1005 2107 vix
1032 2043 1177 2133 poterit

98 2185 163 2233 eos
197 2161 328 2253 peritis
361 2160 500 2229 harum
527 2161 742 2231 litterarum
773 2161 1066 2233 aestimatoribus
1101 2188 1177 2236 non

98 2298 206 2378 poste
219 2280 392 2376 probari,
420 2295 567 2375 etopus
591 2283 708 2354 fuisse
735 2281 899 2374 editore,
935 2284 1001 2374 qui
1023 2288 1071 2355 ab
1093 2311 1176 2357 eru·

100 2406 244 2477 ditione
272 2404 359 2475 satis
387 2403 595 2475 instructus
625 2408 666 2476 in
691 2405 730 2477 id
759 2427 906 2476 summo
935 2405 1177 2478 incumberet

97 2529 241 2619 studio,
265 2542 326 2617 ut,
361 2527 487 2618 quoad
510 2528 591 2615 ejus
612 2529 695 2598 fieri
713 2542 859 2619 posset,
888 2527 989 2596 nihil
1011 2529 1059 2599 ad
1087 2552 1176 2622 ope·

97 2649 150 2719 ris
170 2650 445 2740 perfectionem
462 2649 748 2720 desideraretur.
802 2656 851 2723 Et
869 2650 954 2719 talis
977 2666 1078 2739 erat,
1110 2653 1176 2746 qui

95 2770 232 2843 tertius
261 2771 385 2864 operis
419 2771 555 2843 edendi
588 2795 719 2841 curam
744 2773 927 2865 suscepit,
969 2774 1173 2845 Martinus

98 2894 280 2968 Vettius.
333 2892 406 2987 Qui
426 2916 546 2983 quum
565 2895 711 2984 eodem,
738 2918 814 2987 quo
834 2898 1023 2982 Oederus,
1046 2896 1176 2967 incen-

94 3036 157 3084 sus
176 3016 319 3106 studio,
345 3038 473 3085 veram
490 3016 754 3109 propriamqve.
768 3019 984 3109 plantarum
998 3031 1176 3088 naturam

95 3150 134 3207 et
147 3137 324 3208 habitum
340 3137 562 3209 delineando
582 3139 794 3232 exprimere
809 3152 1027 3223 conaretur3
1055 3163 1176 3231 quum

93 3281 172 3330 non
199 3261 348 3328 minore
375 3281 417 3327 ac
434 3260 629 3332 Miillerua
658 3263 855 3331 oculorum
875 3260 954 3330 acie
982 3259 1029 3327 ad
1048 3261 1175 3350 prima

92 3393 237 3451 naturae
253 3379 295 3449 in
315 3381 557 3470 procreandis
572 3383 712 3475 plantis
741 3381 848 3452 initia
872 3394 911 3451 et
932 3381 1039 3473 quasi
1065 3405 1181 3460 cona·¹

93 3501 198 3572 mina
217 3501 447 3572 observanda
460 3506 639 3593 praeditus
660 3519 767 3594 esset,
785 3526 992 3596 quumque,
1019 3501 1060 3573 id
1073 3503 1175 3594 quod

92 3622 320 3719 inutroque
341 3626 537 3699 decessore
566 3606 866 3717 desiderabatur,
901 3625 942 3696 in
964 3625 1035 3696 hac
1063 3640 1174 3718 parte
