2520 4306
133 151 221 229 XI·V
483 147 828 227 PRAEFATIO.

139 363 195 434 dis
212 359 430 457 synonymis
450 383 598 432 summa
617 360 813 455 diligentia
844 383 886 430 ac
900 359 1047 453 peritia
1070 366 1221 458 conspi-

140 487 322 554 ciebatur.
375 483 476 577 Quid
490 483 634 553 multa?
661 486 705 553 ab
717 507 760 553 eo
774 480 863 553 inde
880 496 1052 575 tempore
1063 511 1140 557 non
1151 489 1220 558 du-

137 607 209 675 biis
221 604 386 699 vestigiis
395 606 608 697 apparebat,
626 628 715 675 cum
730 628 825 674 novo
842 607 987 676 editore
998 632 1134 680 novam
1146 611 1218 680 eti-

139 728 265 797 amad
283 727 406 819 operis
422 727 677 819 praestantiam
700 727 953 798 accessionem
967 727 1107 828 factam
1125 756 1217 806 esse.

268 851 326 919 Ita
339 849 458 944 igitur
473 850 519 919 ad
535 872 628 941 opus
647 870 842 944 aggressus
868 863 924 917 est
936 852 977 920 V
973 853 1131 944 ofilius,
1157 868 1215 946 ut,

140 971 173 1040 si
189 971 362 1055 ardorem
389 987 598 1063 spectares,
628 971 826 1058 juvenem
860 974 892 1041 si
912 971 1099 1065 vigorem,
1133 998 1216 1046 ma-

137 1111 232 1163 turae
250 1093 368 1162 aetatis
384 1094 529 1177 virum,
557 1095 589 1162 si
606 1094 899 1184 experientiam,
934 1090 1065 1165 senem
1085 1097 1215 1168 crede-

131 1240 216 1287 res:
242 1215 296 1285 ita
309 1215 352 1285 in
373 1238 417 1284 eo
446 1214 674 1305 perficiendo
703 1231 871 1285 versatus
890 1230 966 1304 est,
990 1230 1034 1285 ut
1047 1217 1093 1286 de
1110 1241 1214 1290 sum-

126 1361 222 1428 tmo,
262 1359 337 1430 quo
371 1335 547 1436 incensus
574 1349 672 1425 erat,
715 1337 862 1427 studio,
901 1337 1013 1407 mihil
1040 1363 1214 1431 unquam

136 1460 360 1532 remitteret.
412 1459 502 1543 Ejus
515 1459 749 1527 accelerandi
766 1462 1085 1552 causaplerasque
1096 1464 1214 1533 etiam

136 1582 271 1656 Daniae
287 1594 326 1650 et
341 1579 537 1672 Norvegiae
555 1579 728 1674 regiones
751 1583 976 1676 peragravit.
1035 1582 1214 1656 Primum

136 1707 211 1774 iter
233 1703 275 1772 in
299 1701 533 1772 Finlandiam
556 1724 653 1770 anno
677 1717 768 1792 1785
787 1706 967 1796 suscepit,
1004 1705 1044 1773 in
1060 1728 1135 1794 quo
1150 1707 1213 1775 iti-

135 1851 227 1900 nere
246 1824 447 1911 nonnullas
462 1824 608 1914 plantas
625 1825 945 1921 phanerogamas,
973 1850 1054 1917 quae
1070 1827 1112 1897 in
1127 1851 1211 1921 sep-

122 1945 424 2020 tentrionalibus
458 1946 518 2014 his
540 1946 759 2040 regionibus
795 1973 872 2019 non
898 1961 1008 2018 antea
1043 1949 1210 2021 inventae

124 2079 263 2162 erant,
287 2068 460 2160 inprimis
485 2082 614 2143 autem
635 2090 820 2163 magnum
844 2070 1050 2163 fungorum
1073 2096 1211 2144 nume-

135 2220 224 2267 rum
240 2192 395 2262 invenit.
449 2190 607 2281 Copiosa
624 2191 739 2277 hujus
761 2190 908 2260 itineris
931 2191 1133 2283 descriptio
1151 2196 1210 2267 in·

121 2331 236 2388 serta
252 2330 309 2384 est
322 2313 425 2384 Actis
444 2312 729 2384 sociacflistor.
748 2317 879 2385 Natur.
896 2315 979 2385 Vol.
1000 2313 1047 2383 II.
1065 2316 1206 2390 Fascio.

133 2441 162 2511 Ι.
186 2455 226 2509 et
241 2438 323 2511 Vol.
351 2436 417 2504 III.
440 2437 540 2504 Fasc.
567 2435 616 2506 ΙΙ.
668 2439 777 2510 Anno
800 2454 894 2524 1794
911 2431 952 2501 in
969 2436 1206 2527 Hoisatiam3

134 2577 173 2631 et
189 2560 329 2646 comite
353 2560 401 2629 N.
422 2558 664 2647 Hofmarmo,
696 2557 879 2648 discipulo
900 2554 1145 2628 dilectissimo
1162 2560 1207 2633 in

53 2773 55 2778 .
132 2683 366 2777 Slesvigum,
412 2679 690 2750 Chersonesum
711 2668 943 2748 Cimbricam
966 2692 1005 2746 et
1030 2678 1207 2757 Fioniam

129 2806 268 2876 itinera
295 2803 470 2893 suscepit.

261 2931 319 3000 Ne
333 2927 379 2996 iis
400 2924 556 3015 quidem
574 2923 665 2993 anni
688 2921 943 3016 temporibUS,
978 2921 1112 3013 quibus
1131 2949 1205 2998 nec

113 3048 260 3123 florida
272 3064 390 3140 prata,
408 3070 478 3116 nec
492 3047 587 3114 laetae
601 3045 796 3118 frondibus
808 3045 908 3114 silvae
922 3044 1096 3114 homines
1119 3049 1204 3119 alii·

128 3175 249 3260 ciunt,
275 3171 413 3269 quibus
428 3168 672 3259 superiorum
689 3161 864 3239 ordinum
873 3168 1012 3257 plantae
1028 3169 1202 3261 flaccent,

110 3310 167 3364 ·et
179 3317 257 3363 non
272 3292 346 3361 nisi
362 3290 559 3360 inferiores
570 3291 617 3360 ad
627 3314 813 3362 summam
828 3288 1102 3381 perfectionem
1117 3312 1204 3382 per-

110 3416 301 3502 veniunt,
329 3412 530 3505 quaerendo
548 3413 843 3506 defatigabatur5
872 3412 938 3480 sed
951 3433 1053 3479 nunc
1070 3412 1117 3482 ad
1136 3415 1203 3483 So·

124 3561 255 3624 ranas,
280 3558 383 3606 nunc
400 3535 447 3604 ad
463 3535 861 3627 Fridericoburgenses
882 3534 989 3601 silvas
1001 3533 1202 3629 ¹confugie-

124 3662 202 3754 bat,
228 3659 382 3754 fungos,
410 3680 503 3749 quos
523 3656 658 3728 deinde
675 3655 918 3729 delineandos
934 3671 1093 3749 curaret,
1111 3680 1202 3728 con-
