2520 4306
458 155 788 233 PRAEFATro.
976 237 979 241 ,
1067 162 1139 237 VII

55 369 208 439 aluerat
224 365 438 459 disciplina,
474 379 513 437 et
536 366 642 455 cujus
659 381 789 460 postea
811 393 953 458 nomen
972 374 1138 442 celebra·

58 504 153 560 runt
173 513 229 578 ea,
256 513 340 580 quae
360 491 401 560 in
415 488 524 557 India
540 490 735 573 Orientali,
751 492 816 562 ubi
832 492 873 562 in
888 495 1044 564 coloniis
1062 499 1138 568 Da-

61 612 157 682 nicis
175 612 315 680 medici
332 635 491 681 munere
520 610 772 705 fungebatur,
805 615 851 683 ad
873 616 1138 688 illustrandam

10 733 294 849 ,Botanicen
284 730 490 824 1nvenit*).

195 857 334 944 Fuere,
366 855 432 947 qui
454 857 599 928 Oedero
624 857 850 949 objicerent,
886 809 989 953 quod
1008 860 1137 951 paullo

10 960 16 1091 ,⁶
62 976 230 1070 iniquius
248 977 293 1046 de
308 979 473 1047 Linnaeo
490 980 696 1071 statuisset,
724 996 763 1050 et
778 983 908 1072 quod
897 1006 939 1052 1n
953 982 1020 1070 iis,
1047 1003 1139 1070 quas

64 1103 218 1190 edebat,
268 1098 408 1190 plantis
443 1101 682 1171 nominandis
720 1127 798 1173 non
828 1104 927 1174 nihil
966 1115 1134 1172 errasset.

64 1220 1139 1321 SedilludexmaleintellectoLinnoeisystemateprofec-

64 1361 170 1431 tum3
194 1343 322 1413 hocin
338 1342 572 1434 amplissimo
584 1367 697 1437 opere
709 1349 890 1439 perfacile
903 1344 1135 1438 lieripotuit.

64 1472 252 1541 Praeterea
274 1465 389 1536 etiam
402 1465 613 1536 tenendum
630 1483 697 1557 est,
725 1473 908 1540 Oeclerum
923 1466 1139 1545 exHalleri
1196 1504 1200 1513 ·

63 1590 263 1682 disciplina
276 1612 355 1658 esse
369 1587 595 1680 profectum,
612 1590 772 1681 ideoque
788 1615 867 1662 non
882 1594 1015 1663 eodem
1024 1592 1137 1683 plane

62 1714 177 1785 modo
191 1712 236 1783 'ac
252 1714 439 1783 Linnaens
461 1710 508 1781 de
525 1731 665 1804 genere
682 1727 719 1782 et
736 1714 862 1804 specie
880 1716 1048 1807 potuisse
1067 1728 1139 1792 sta-

61 1853 185 1908 tuere.
212 1833 347 1908 Verius
358 1834 393 1902 ei
406 1834 688 1926 objicipoterat,
699 1836 848 1927 quodin
857 1837 1139 1908 ultimisFloroe

62 1958 231 2033 Danicae
238 1960 266 2031 F
268 1958 436 2026 asciculis
451 1979 520 2026 ase
531 1958 640 2027 editis
653 1960 792 2027 multas
800 1960 959 2049 plantas,
976 1960 1141 2028 minores

66 2104 182 2173 quam
198 2054 291 2150 sunt
317 2093 454 2148 natura
479 2080 712 2170 exhibuerit,
754 2080 931 2172 quodque
947 2081 1004 2151 rei
1019 2093 1141 2150 matu·

66 2201 192 2271 randae
214 2223 325 2281 causa
348 2203 480 2293 plures
509 2201 725 2272 adhibuerit
751 2203 935 2292 artifices,
978 2224 1142 2293 quorum

66 2347 182 2415 opera
198 2324 375 2416 operibus
390 2324 589 2413 utriusque
608 2327 784 2394 Roesleri
807 2327 868 2395 vel
890 2324 1050 2414 imparia
1066 2322 1142 2392 sint

62 2447 125 2516 vel
143 2446 349 2516 dissimilia.
416 2447 517 2540 Quin
541 2446 732 2513 nonnullae
755 2448 896 2538 plantae
919 2445 1140 2533 moderante

59 2567 1140 2664 LA.MurrayoGottingaepictaeetaeriincisaesunt,quae

59 2688 289 2781 neutiquam
309 2715 397 2760 cum
413 2690 472 2778 iis,
491 2715 573 2781 quae
585 2714 607 2759 a
620 2690 816 2761 Iloesleris
828 2689 1021 2760 delineatae
1042 2705 1142 2779 sunt,

61 2815 276 2905 comparari
289 2828 447 2905 possunt
456 2810 537 2904 **),
565 2826 609 2881 ut
632 2810 788 2881 omnino
807 2812 935 2880 ultimi
958 2811 1143 2882 Fasciculi

59 2935 109 3002 ab
133 2939 276 3007 Oedero
298 2937 389 3007 editi
414 2936 603 3028 prioribus
630 2938 746 3028 longe
768 2932 1019 3026 posthabendi
1041 2943 1140 3003 sunt.

10 659 16 722 l

56 3121 330 3145 ..-..........„.‚

97 3225 125 3293 *)
144 3227 187 3278 De
204 3227 356 3297 dignissimo
371 3231 423 3283 boc
442 3233 582 3286 Wallietii
605 3232 741 3286 decessore
763 3233 895 3302 copiosius
919 3231 1003 3300 agitur
1022 3232 1051 3280 in
1067 3228 1144 3300 pref.

164 3318 199 3370 ad
214 3320 376 3390 lloxburgbii
389 3324 475 3380 Planta
488 3326 519 3377 ol
529 3323 703 3378 Coromandel
715 3343 730 3374 a
745 3325 813 3373 Patr.
833 3321 936 3374 hussel.

96 3407 139 3475 **)
161 3409 203 3458 Ex
220 3427 258 3475 gr.
274 3413 407 3465 Parnassia
427 3417 557 3486 palustris·
601 3418 653 3468 Eas
673 3417 729 3486 ipse
755 3414 866 3465 Oederue
887 3413 1022 3490 inludis.
1042 3411 1146 3462 Fascio.

82 3520 86 3526 ·
168 3502 268 3552 vai
282 3521 297 3552 a
310 3503 499 3558 ffirlrenhovero
514 3503 678 3574 Gottingensi
693 3508 775 3575 pictas
790 3521 844 3555 esse
868 3503 940 3554 dicit.
980 3504 1067 3554 Etiam
1080 3503 1147 3552 Me-

165 3611 260 3658 nones,
282 3591 386 3669 fratres,
405 3606 431 3645 et
443 3597 572 3649 Iohannes
585 3599 703 3651 Hancine
721 3595 817 3652 Oederi
838 3606 955 3666 temporo
976 3595 1076 3647 tabulas
1094 3594 1162 3645 ali-r
1198 3581 1203 3593 ’

167 3695 233 3753 quot
250 3682 426 3736 confecerunt.
